3009 4709
730 322 777 396 ii

682 412 780 425 *ΑΛΛΛΑΑ
786 413 807 424 ιχ»
816 413 832 423 Α,

196 568 272 613 sane
293 541 512 612 Herodiancae
533 544 691 612 doctrinae
711 546 895 633 particulam
917 546 969 611 tali
998 545 1133 634 epitoma
1161 547 1312 614 contineri

196 647 263 735 ipsa
282 647 338 711 illa
359 646 473 713 docent
495 668 575 733 quae
598 668 637 712 ex
659 645 739 710 libro
762 645 854 710 XVI.
877 646 1018 713 Lascaris
1040 647 1166 734 profert.

257 747 321 816 Sed
348 748 425 813 haec
451 767 501 811 res
531 768 592 832 quo
619 744 714 810 modo
743 758 920 831 comparata
947 747 1001 828 sit,
1035 747 1216 813 examinatis
1245 748 1313 813 aliis

198 848 392 936 exploratum
424 848 541 912 habere
569 846 650 912 licet.
691 844 833 911 Irasceris
861 847 943 912 enim
978 848 1011 912 in
1039 848 1102 913 fine
1127 848 1198 912 libri
1215 845 1313 914 'tertii

198 947 426 1033 grammaticae,
448 967 509 1032 quo
532 946 628 1011 libros
639 943 680 1008 ad
695 946 932 1031 grammaticam
944 946 1097 1013 Graecam
1113 947 1312 1013 ediscendam

198 1046 387 1112 necessarios
414 1055 591 1128 enumerat,
624 1045 704 1110 inter
733 1067 786 1111 eos
814 1058 1036 1112 commemorat
1066 1046 1099 1111 τά
1124 1047 1192 1130 περὶ
1218 1046 1312 1112 τόνον)

198 1141 387 1229 Ἦρῳδιανοδ
407 1145 457 1209 καὶ
478 1143 651 1226 Θεοδοσίου,
679 1141 873 1228 tonaciaco
904 1145 932 1210 ἐν
963 1149 1077 1230 βραχεῖ.
1120 1148 1226 1235 Atque
1253 1150 1315 1212 hoc

199 1246 325 1335 quidem
345 1245 416 1311 luce
437 1245 565 1327 clarius3
589 1268 691 1331 neque
714 1248 797 1312 enim
818 1246 970 1328 Laecanio,
993 1246 1313 1314 cumHerodiani

199 1359 238 1411 et
259 1344 485 1412 Theodosii
507 1369 584 1433 opus
605 1365 638 1411 se
659 1347 691 1411 in
713 1348 810 1411 breve
831 1348 1020 1413 contraxisse
1042 1348 1194 1430 affirmet,
1216 1350 1313 1437 ipsam

200 1444 392 1515 Catholicam
414 1446 519 1512 dicere
538 1455 650 1533 potest,
672 1444 727 1510 scd
746 1445 914 1533 epitomem
926 1445 990 1512 cius
1002 1470 1020 1511 a
1032 1449 1209 1515 Theodosio
1231 1473 1314 1515 com·

199 1548 339 1634 positam.
382 1544 459 1627 Sed,
481 1543 566 1632 quod
585 1546 682 1631 longe
702 1546 920 1632 gravissimum
942 1557 1004 1629 est,
1034 1549 1059 1613 ia
1086 1550 1152 1636 ipse
1173 1550 1314 1615 Lascaris

139 1648 141 1653 ’
201 1644 439 1712 commentarius
461 1666 479 1711 c
501 1641 677 1711 Theodosio
704 1646 831 1710 haustus
860 1658 983 1713 exstare
1013 1649 1124 1714 dicitur
1150 1651 1183 1714 in
1209 1651 1314 1715 Iriarti

201 1746 344 1828 catalogo
384 1745 526 1811 codicum
560 1743 786 1809 Matritensium
820 1768 850 1830 p.
887 1748 955 1813 191.
1008 1748 1049 1812 In
1088 1748 1192 1815 codice
1232 1752 1315 1816 enim

202 1845 406 1913 CXXXVII.
449 1844 590 1909 Lascairis
610 1866 705 1937 manu
726 1845 842 1932 scripto
863 1856 956 1932 atquc
983 1849 1091 1914 codem
1112 1848 1166 1914 iilo
1189 1850 1315 1934 quidem

200 1967 295 2036 quem
317 1966 410 2033 supra
431 1944 506 2026 dixi,
527 1954 652 2031 praeter
672 1945 730 2009 alia
753 1947 901 2033 opuscula
916 1948 1118 2032 grammatica
1139 1949 1201 2013 hoc
1218 1950 1314 2014 inest:

202 2047 345 2129 „uberior
366 2045 621 2126 commentarius,
649 2047 763 2133 quippe
790 2046 866 2112 folia
894 2047 1025 2135 implens
1046 2048 1135 2131 LXI,
1162 2050 1194 2113 in
1215 2049 1316 2113 multi-

201 2149 296 2236 plices
317 2144 449 2210 tributus
472 2144 625 2210 sectiones
645 2156 738 2232 atque
754 2146 798 2209 ita
811 2147 989 2233 inscriptus:
1010 2150 1076 2231 περὶ
1090 2149 1185 2212 τόνων
1201 2148 1316 2223 εἰδικῶς

202 2249 261 2312 τῶν
284 2243 363 2311 ὀκτὼ
385 2246 484 2328 μεριθν
505 2247 559 2309 τοῦ
580 2243 701 2325 λόγου,“
730 2246 996 2312 Commentarium
1018 2249 1156 2334 sequitur
1175 2249 1315 2314 Lascaris

203 2348 343 2435 epilogus
365 2367 458 2431 quem
478 2354 577 2412 totum
599 2345 756 2411 exscribat
783 2347 832 2410 καὶ
862 2349 954 2409 ταῦτα
983 2346 1033 2429 μὲν
1055 2348 1200 2431 περὶτῶν
1221 2350 1315 2412 τόνιον

202 2451 262 2513 coir
291 2443 371 2511 ὀκτὼ
398 2446 497 2529 μερῶν
524 2447 577 2508 τοῦ
603 2425 693 2526 λόγου
733 2444 775 2508 ἐκ
805 2449 879 2510 τοῖν
910 2449 977 2511 του
1013 2449 1232 2512 Θεοδοσίου
1265 2451 1318 2512 τοῦ

202 2548 413 2633 γραμματικοῦ,
428 2544 454 2608 ’ἃ
476 2543 685 2618 Κονσταντῑνος
707 2543 723 2610 ὁ
745 2545 895 2629 Λάσκαρις
911 2546 1089 2619 συνετάξατο
1112 2548 1150 2612 δι’
1171 2547 1317 2630 (iactares

202 2651 261 2714 τῶν
290 2650 447 2730 μαθητοῖν,
480 2645 543 2708 ἐπεὶ
575 2645 593 2729 ἡ
630 2644 749 2729 τοιαύτη
781 2648 966 2729 πραγματεία
998 2645 1033 2710 οὐ
1063 2647 1151 2729 μόνον
1173 2649 1319 2719 δύσκολος

204 2746 356 2831 τυγχάνει,
386 2743 465 2811 ἀλλὰ
491 2745 540 2810 καὶ
566 2743 780 2809 δυσκολώτατα
810 2744 973 2828 εὑρίσκεται
1003 2746 1052 2810 διά
1079 2748 1131 2830 τῆς
1161 2746 1319 2826 δυστυχίας

204 2851 257 2912 τοῦ
278 2846 401 2930 γένους.
421 2844 520 2909 πολλά
540 2844 596 2927 γάρ
617 2845 749 2929 πονήσας
771 2844 856 2927 μόλις
878 2842 964 2928 εὖρον
987 2845 1021 2910 τὸ
1049 2846 1116 2927 περὶ
1145 2845 1239 2908 τόνων
1266 2845 1319 2908 τοῦ

204 2948 367 3017 Θεοδοσίου
390 2949 421 3012 ἐν
443 2948 536 3032 βίβλῳ
556 2947 668 3043 παλαιά
697 2949 748 3031 τῆς
776 2950 865 3032 μονῆς
892 2950 946 3010 τοῦ
970 2947 1106 3027 σωτῆρος
1133 2945 1186 3027 τῆς
1215 2943 1245 3007 ἐν
1275 2928 1319 3027 τῳ

207 3048 385 3135 ἀκρωτηρίῳ
413 3050 466 3131 τίγς
487 3050 673 3133 Μεσσήνης·
703 3048 755 3134 τὴν
784 3047 819 3112 δὲ
851 3047 987 3128 τοιαύτην
1024 3044 1223 3127 πραγματείαν
1247 3043 1321 3108 ἐκεῖ·

206 3174 257 3225 νος
274 3148 413 3233 σονίτεμε
435 3147 469 3213 ἐκ
485 3147 541 3232 Ιτῆς
562 3149 691 3233 μεγάλης
711 3146 883 3233 προσῳδίας
902 3149 956 3210 τοῦ
968 3145 1160 3225 πολυμαθοῦς
1175 3142 1322 3226 Ἡρωδια·

206 3254 268 3316 νοῦ·
299 3246 334 3315 οὗ
361 3249 411 3314 καί
441 3247 492 3312 τὸν
514 3246 638 3333 ἀριθμὸν
666 3251 725 3334 τῷν
755 3245 884 3331 βιβλίων·
905 3244 996 3309 εἰκοσι
1023 3243 1118 3308 ὄντιυν
1146 3242 1320 3325 ἐμάλαξεν.

208 3352 348 3435 ἔρρωσθε
369 3346 397 3412 οἱ
419 3345 685 3429 ἀναγιγνώσκοντες
705 3347 754 3412 καὶ
776 3347 957 3427 συνεάχεσθε
984 3342 1022 3406 τά
1042 3340 1168 3424 βελτίιυ.
1191 3342 1221 3406 ἐν
1243 3344 1319 3404 Μεσ-

179 3489 184 3494 -
208 3452 282 3536 σι’γνη
303 3450 356 3534 τῆς
378 3446 511 3521 Σικελίας
531 3447 623 3530 μηνὸς
640 3447 808 3529 Νοεμβρίου
827 3444 875 3508 κε’
907 3446 967 3508 ἔτει
989 3440 1047 3507 ἀπὸ
1068 3442 1221 3525 θεογονίας
1242 3430 1321 3518 αυπη

207 3554 244 3616 Ν.
260 3551 297 3633 η’.
319 3552 363 3634 τῷ
384 3548 448 3633 deep
468 3547 566 3632 χάρις.
590 3549 662 3614 Ηοο
682 3556 786 3612 autem
807 3545 1028 3612 commentario
1050 3543 1213 3630 epitomem
1235 3539 1322 3603 illam

121 3635 126 3640 Ι
207 3652 280 3720 libri
299 3649 394 3717 XVI.
415 3649 595 3716 Oatholicae
617 3648 720 3714 denno
750 3646 902 3712 contineri
923 3645 1054 3710 Iriartns
1075 3642 1195 3708 disertis
1216 3638 1319 3705 verbis

209 3753 353 3819 affirmat.
377 3749 471 3830 Quod
491 3749 517 3814 si
534 3772 645 3815 verum
659 3758 705 3814 est
719 3754 835 3833 (neque
847 3767 907 3831 ego
918 3768 973 3809 eur
985 3767 1043 3832 pro
1055 3744 1134 3807 falso
1145 3737 1323 3806 habendum

209 3856 249 3920 sit
268 3853 365 3918 ullam
393 3873 517 3916 causam
544 3849 651 3926 video)
686 3850 766 3915 hacc
792 3845 979 3912 efficiuntur.
1031 3842 1156 3908 Invenit
1182 3835 1325 3903 Lascaris

209 3953 362 4019 Messinae
383 3953 550 4038 epitomem
571 3948 750 4018 Catholicae
776 3949 817 4032 ¹),
846 3969 940 4034 quam
968 3943 1073 4011 autin
1095 3938 1202 4006 codice
1222 3936 1324 4000 Theo·

272 4110 294 4175 ¹)
311 4109 425 4173 Reputct
442 4104 580 4166 Lentziue,
604 4119 667 4154 num
684 4104 738 4153 ullo
756 4100 832 4151 modo
849 4097 956 4164 cogitari
974 4095 1054 4161 possit
1071 4105 1144 4151 eum,
1162 4085 1208 4150 qui
1227 4082 1326 4173 Catho-

313 4185 391 4236 licam
415 4183 543 4249 integram
564 4183 684 4243 haberet,
709 4181 810 4229 tantam
836 4187 940 4241 operam
962 4168 1121 4237 impendisse
1143 4170 1173 4214 ut
1195 4163 1328 4228 reperiret

316 4263 372 4313 eiua
390 4261 537 4327 epitomem.
