3009 4709
714 1193 767 1267 Ι.

252 1354 338 1465 (lum
360 1401 431 1464 satis
453 1399 570 1464 ineerta
599 1398 638 1461 sit
659 1398 749 1461 huius
770 1394 867 1460 libelli
888 1390 1061 1478 inscriptio,
1089 1389 1296 1455 necessarium

185 1523 250 1566 esse
278 1503 400 1566 videtur
425 1501 526 1564 statim
554 1502 585 1563 in
609 1498 695 1562 initio
718 1494 878 1561 consilium
907 1493 972 1558 eius
993 1491 1129 1556 breviter
1149 1489 1295 1555 indicare.

183 1603 289 1687 Atque
321 1602 380 1666 hoc
415 1599 608 1685 potissimum
622 1611 624 1614 ’
639 1607 705 1662 erat
736 1598 768 1659 in
798 1595 917 1659 animo:
948 1615 1046 1678 pauca
1074 1613 1110 1655 ca
1139 1591 1296 1676 colligere,

183 1724 261 1784 quae
284 1700 323 1765 de
344 1698 517 1763 Herodiani
539 1695 735 1783 grammatici
755 1695 905 1759 librorum
927 1701 1057 1758 externa
1078 1702 1112 1756 ut
1132 1692 1175 1755 ita
1197 1690 1297 1754 dicam

183 1801 286 1886 specie
319 1799 419 1883 deque
451 1799 598 1862 materiae
633 1819 741 1863 eorum
778 1792 968 1878 digerendae
1004 1791 1124 1856 ratione
1155 1800 1210 1854 aut
1239 1812 1296 1875 pro

185 1911 269 1964 certo
298 1899 446 1962 habemus
474 1908 525 1960 aut
552 1920 622 1963 cum
649 1896 751 1981 aliqua
778 1892 994 1980 probabilitate
1021 1894 1164 1957 conicere
1191 1914 1298 1978 possu-

184 2023 266 2081 mus3
294 2002 467 2085 inquere
490 1998 662 2063 necessario
684 1994 940 2080 acquiescendum
968 1993 1027 2057 suit
1047 1994 1079 2057 in
1102 1991 1192 2058 certis
1215 1991 1299 2057 testi·

185 2101 303 2177 moniis,
327 2099 437 2183 quibus
460 2117 553 2182 opera
577 2097 758 2161 nominatim
785 2103 1073 2160 commemorantur.
1116 2090 1298 2158 Doctrinam

185 2220 257 2265 vero
278 2195 449 2262 Herodiani
472 2196 608 2282 artisque
638 2197 702 2262 eius
724 2196 877 2260 rationem
899 2194 1063 2280 explorare
1086 2202 1180 2278 atque
1203 2190 1299 2276 expli-

186 2322 256 2363 care
294 2297 377 2361 nullo
409 2297 501 2361 mode
534 2294 609 2360 mihi
641 2295 797 2382 proposui.
841 2294 988 2360 Ceterum
1020 2295 1045 2358 si
1075 2293 1168 2359 modo
1204 2291 1299 2356 fusius

184 2399 277 2463 modo
305 2399 430 2462 brevius
456 2420 514 2462 nec
536 2396 607 2461 satis
634 2395 806 2482 aequaliter
828 2403 1052 2461 commentatus
1082 2414 1149 2458 esse
1170 2391 1300 2457 videbor

186 2497 278 2581 (quac
299 2519 348 2561 res
369 2496 495 2561 minime
516 2518 566 2560 me
588 2495 697 2580 fugit),
720 2493 877 2561 excusatio
897 2494 973 2559 mihi
995 2493 1129 2582 petenda
1150 2504 1212 2559 est:
1240 2493 1300 2556 hoc

186 2595 268 2659 enim
290 2595 377 2681 quasi
399 2618 504 2660 secum
524 2596 595 2660 tulit
616 2598 717 2682 ipsum
739 2604 966 2681 argumentum.
989 2630 1030 2640 -

246 2695 421 2761 Paucorum
443 2718 560 2772 eorum,
583 2718 662 2779 quae
684 2696 722 2760 de
743 2694 905 2780 Apollonii
921 2694 1050 2779 Dysccli
1073 2705 1104 2759 et
1125 2693 1300 2759 Herodiani

185 2797 255 2859 vitis
277 2805 435 2880 comperta
456 2795 614 2876 habemus,
634 2796 755 2860 fontem
775 2796 967 2880 inquirentes
985 2796 1163 2881 relegamur
1183 2794 1223 2858 ad
1245 2795 1300 2858 ho·

145 2969 149 2974 ,
184 2895 303 2957 minum
334 2893 579 2978 Byzantinerum
610 2894 850 2960 lucubrationes,
897 2892 977 2958 Cum
1015 2894 1097 2958 eninr
1129 2893 1300 2978 Dionysius

185 2992 294 3056 Thrax
323 2993 375 3057 vel
398 2995 575 3078 quicunque
596 2993 673 3058 alius
695 2993 792 3058 libelli
814 3016 928 3059 nomen
960 2994 1026 3059 eius
1047 3016 1123 3080 prae
1145 3016 1178 3058 se
1199 2995 1300 3059 fcren-

185 3095 223 3157 tis
250 3102 358 3158 auctor
386 3094 443 3156 fuit
473 3092 512 3158 de
539 3093 684 3178 prosodia
711 3117 775 3158 non
804 3094 926 3178 egisset,
956 3094 1130 3182 posteriore
1158 3093 1301 3179 tempore

186 3193 226 3257 ad
247 3192 453 3278 supplendam
474 3192 619 3279 Dionysii
633 3193 746 3257 Artem
769 3193 845 3257 alius
867 3193 1088 3278 grammaticus
1110 3195 1235 3259 brevem
1260 3194 1300 3257 de

185 3292 339 3378 prosodiis
374 3302 535 3356 tractatum
564 3293 745 3379 conscripsit
779 3317 815 3357 ac
843 3294 996 3379 Dionysio
1024 3292 1217 3379 praeposuit3
1247 3293 1300 3376 qui

186 3403 289 3456 utrum
320 3391 513 3458 Theodosius
542 3399 696 3458 canonum
717 3392 771 3457 ille
792 3393 924 3478 scriptor
954 3418 993 3457 an
1015 3394 1188 3478 Gregorius
1211 3391 1300 3473 esset,

184 3493 246 3556 iam
275 3492 461 3578 Byzantinis
494 3490 685 3578 temporibus
720 3490 959 3575 dubitabatur.¹)
1002 3491 1105 3571 Quem
1135 3501 1301 3557 tractatum

186 3614 252 3654 non
280 3615 367 3657 secus
396 3603 489 3678 atque
516 3592 614 3676 ipsam
629 3590 772 3674 Dionysii
794 3590 907 3655 Artem
929 3592 1123 3675 grammatici
1147 3613 1302 3657 commen-

186 3691 270 3756 tariis
291 3690 535 3757 illustraverunt:
567 3690 599 3754 id
620 3690 705 3774 quod
726 3689 819 3754 modo
849 3691 888 3753 ad
909 3690 1122 3776 Porphyrium
1145 3691 1302 3757 modoad

186 3789 397 3854 Theodosium
417 3792 510 3856 modo
531 3791 571 3855 ad
590 3790 844 3856 Choeroboscum
866 3789 1006 3856 refertur.
1029 3791 1137 3877 Atque
1157 3793 1191 3857 in
1211 3790 1301 3855 huius

186 3890 396 3953 commentarii
429 3890 655 3974 exemplaribus
689 3890 873 3975 quibusdam
905 3891 1112 3978 reperiuntur,
1146 3912 1226 3977 quae
1262 3891 1302 3955 de

186 3987 357 4072 Apollonio
381 3997 412 4053 et
431 3988 613 4053 Herodiano
635 3988 804 4073 Byzantini
827 3988 939 4053 tradita
961 3990 1132 4063 habebant,
1153 3991 1219 4056 sive
1240 3989 1302 4053 iam

177 4111 205 4155 a
227 4087 326 4173 primo
349 4088 561 4153 commentarii
583 4100 710 4154 auctore
732 4089 804 4153 huic
827 4089 896 4155 loco
919 4088 1073 4156 destinata
1092 4089 1159 4154 sive
1180 4091 1219 4155 ab
1241 4089 1301 4153 alio

190 4230 489 4241 ..Ἡ-..ὴ

256 4297 274 4364 ¹)
293 4298 377 4356 neni,
398 4300 448 4350 An.
468 4318 493 4366 p.
516 4303 590 4353 1141.
629 4301 747 4353 Philemo
769 4301 810 4357 ed.
831 4302 920 4352 Osann
937 4317 963 4367 p.
982 4303 1041 4355 304.

207 4377 212 4384 ι

1083 4387 1100 4449 1
