3009 4709
760 336 806 414 bb

704 430 856 445 MNVWWVV

222 543 471 610 constaremihi
498 544 643 628 videtur,
665 543 884 614 Herodianum
910 544 943 610 in
969 543 1049 618 libro
1076 548 1149 618 XV.
1179 550 1220 617 de
1243 550 1337 620 encli-

221 646 287 712 ticis
318 668 383 712 non
412 656 653 714 commentatum
689 645 798 727 fuisse,
840 645 879 711 de
911 661 972 730 qua
1001 671 1036 714 rc
1068 651 1110 715 A.
1145 649 1337 726 Schmidtius

224 745 335 829 (Bata
354 767 385 831 p.
407 745 478 813 586.
500 745 623 812 Ztsohr.
646 754 703 812 etc.
726 767 756 832 p.
780 744 842 810 339
863 746 958 829 sqq),
989 746 1032 814 M.
1061 747 1252 832 Schmidtius
1284 751 1338 834 (ad

223 844 298 909 Arc.
320 866 351 930 p.
374 844 443 926 159,
465 844 510 928 4),
533 843 679 910 Lentzius
708 844 804 923 (Phil.
826 845 865 909 19
885 868 916 931 p.
943 847 1012 932 115)
1042 850 1247 916 consentiunt.
1290 850 1338 917 Si·

222 945 324 1009 mulac
344 966 419 1010 vero
441 946 502 1012 hoc
522 967 702 1012 concessum
724 955 790 1027 est,
813 967 852 1009 ex
876 967 927 1026 eo,
957 945 1040 1030 quod
1061 948 1145 1033 apud
1166 949 1338 1013 Arcadium
1397 983 1403 988 ’

223 1055 370 1134 excerpta
397 1044 449 1108 illa
478 1044 640 1129 leguntur,
675 1044 714 1110 de
735 1042 938 1110 Herodianea
966 1066 1074 1112 eorum
1104 1046 1225 1133 origine
1251 1049 1337 1130 quid-

222 1165 314 1230 quam
336 1144 520 1212 concludere
539 1167 602 1209 non
623 1144 703 1209 licet.
727 1142 821 1209 Unde
842 1144 923 1209 enim
946 1144 1023 1210 scire
1041 1167 1213 1230 possumus,
1235 1155 1338 1210 utrum

222 1246 247 1309 is
270 1245 322 1327 qui
343 1253 489 1330 excerpta
510 1243 544 1308 in
558 1244 731 1329 ,epitomem
750 1243 853 1308 intulit
877 1264 921 1332 ex
941 1244 1116 1312 Herodiani
1142 1243 1220 1314 libro
1242 1245 1338 1310 XXI.

222 1354 276 1409 aut
297 1367 337 1410 ex
358 1344 418 1409 alio
440 1342 577 1410 eiusdem
599 1344 756 1429 scriptoris
778 1342 856 1409 libro
886 1343 1023 1414 hauserit
1051 1342 1175 1410 necne?
1218 1343 1286 1412 Sed
1314 1345 1339 1410 si

222 1444 308 1510 locus
329 1444 460 1512 duorum
482 1453 701 1531 excerptorum
721 1442 799 1508 nihil
820 1466 876 1510 uos
895 1442 995 1524 docet,
1018 1465 1058 1508 ex
1078 1441 1145 1527 ipsa
1166 1464 1201 1508 re
1220 1466 1340 1512 summa

225 1566 296 1610 cum
316 1542 529 1630 probabilitate
550 1543 759 1626 consequitur,
791 1544 944 1627 originem
962 1551 1075 1610 'eorum
1097 1564 1165 1609 esse
1186 1544 1339 1611 Herodia-

224 1667 315 1709 neam
336 1665 405 1707 cum
425 1644 536 1724 omnia,
558 1661 639 1726 quae
662 1641 702 1706 de
724 1652 855 1708 accentu
873 1642 1056 1727 Byzantinis
1078 1642 1266 1728 temporibus
1286 1642 1339 1707 (1οὲ

223 1745 371 1809 οολοῐνιον
392 1741 678 1823 scribebanturque,
702 1743 741 1804 ad
764 1740 980 1808 Herodianum
1000 1739 1104 1807 redire
1125 1751 1256 1808 constet.
1271 1743 1340 1806 Αο-
1415 1799 1418 1802 ,

225 1838 338 1905 cedunt
358 1837 419 1902 duo
440 1837 491 1902 alii
514 1836 553 1902 de
580 1839 727 1904 encliticis
760 1850 922 1922 tractatus,
952 1862 1083 1925 qporum
1115 1841 1209 1925 alter,
1237 1839 1338 1906 Αἰλίου

225 1937 292 2021 cipi
307 1933 516 2020 ἐγκλινομένων
534 1935 642 2008 λέξεων
661 1940 774 2023 (Bekk.
786 1962 817 2027 p.
844 1942 921 2006 1157
944 1942 1013 2025 sq.),
1030 1940 1096 2005 fere
1109 1941 1254 2026 congrmt
1268 1964 1338 2006 omn

226 2039 324 2106 altero
346 2059 453 2103 eorum
475 2054 552 2119 quos
572 2036 726 2106 Arcadius
746 2041 858 2122 habet3
880 2040 966 2128 prior
987 2060 1118 2124 quoque,
1149 2039 1336 2124 Ἦρωδωινοῦ

226 2141 292 2220 περὶ
316 2133 529 2217 ἐγκλινομένων
552 2133 601 2198 καὶ
619 2135 784 2216 irritastis
798 2136 847 2201 καὶ
859 2139 1079 2218 veteranarum
1096 2137 1209 2224 μορίων
1223 2140 1337 2224 (Bekk.

226 2260 256 2326 p.
281 2237 360 2300 1142
381 2236 476 2322 sqq),
498 2235 576 2300 nihil
597 2237 664 2300 fere
684 2235 781 2304 habet
799 2236 881 2319 quod
903 2236 976 2301 huic
996 2248 1152 2324 repugnet
1174 2239 1333 2323 (sthene

160 2347 164 2356 “
226 2362 258 2426 p.
283 2336 363 2418 116),
386 2334 497 2418 Itaque
518 2335 578 2430 hoc
600 2332 659 2400 dici
689 2345 805 2422 potest:
828 2350 865 2400 e'a
889 2355 968 2419 quae
998 2335 1195 2406 Herodianus
1224 2339 1336 2408 Catho-

226 2436 302 2501 licae
322 2435 403 2501 libro
422 2434 516 2502 XXI.
538 2434 692 2516 docuerat,
714 2434 824 2500 iterum
846 2444 939 2519 atque
958 2436 1070 2501 iterum
1099 2437 1191 2503 variis
1215 2440 1340 2506 rationi-

226 2538 285 2602 bus
306 2534 464 2600 decurtata
486 2546 517 2601 et
538 2535 569 2599 in
591 2543 757 2620 angmtum
778 2545 943 2617 contracta,
964 2547 1121 2623 postremo
1137 2540 1256 2608 adeam
1271 2541 1340 2606 bre·

228 2657 299 2700 vem
321 2635 499 2718 exilemque
521 2634 798 2709 formamredacta
819 2647 923 2728 erant,
956 2657 1046 2722 quam
1067 2662 1172 2715 ,unum
1198 2639 1342 2722 quodque

227 2745 360 2818 quatuor
379 2723 552 2820 velpotius
572 2734 667 2824 trium
689 2747 906 2821 excerptorum
929 2736 1217 2826 illorumapraebem
1232 2738 1341 2821 quibus

228 2834 300 2901 addi
329 2844 457 2921 possunt
478 2833 604 2900 Ioannis
625 2833 778 2902 Characis
800 2835 840 2901 de
861 2836 1010 2901 encliticis
1030 2836 1153 2904 libellus
1174 2837 1288 2921 (Bekk.
1310 2860 1342 2923 p.

229 2935 309 3001 1149
321 2925 546 3017 sqq.)‘duoque
568 2932 627 2996 alia
649 2933 689 3000 de
711 2934 819 3000 eadem
834 2956 868 2999 re
882 2937 1142 3020 commentariola,
1162 2938 1344 3004 brevissima

228 3057 265 3100 ac
284 3034 339 3097 vix
361 3034 456 3119 digna
477 3034 770 3131 commemoratione
789 3034 902 3119 (Bekk.
922 3059 954 3128 p.
979 3038 1057 3104 1155
1078 3038 1176 3121 sqq.);
1206 3036 1341 3102 ciusdem

233 3132 357 3220 generis
381 3132 473 3198 etiam
494 3134 585 3217 plura
607 3134 681 3218 quin
701 3134 949 3226 inhbibliothecis
960 3136 1086 3218 lateant,
1109 3137 1212 3202 nullus
1225 3135 1343 3201 dubito,
1449 3197 1452 3202 4

230 3229 372 3310 Quorum
393 3243 495 3296 autem
518 3256 613 3320 opera
635 3235 696 3300 duo
715 3236 807 3300 huius
830 3235 914 3300 modi
937 3245 1083 3320 excerpta
1111 3237 1144 3302 in
1165 3236 1342 3305 Catholicae
1424 3227 1428 3234 ¹

230 3329 394 3415 epitomem
416 3330 476 3396 sint
495 3331 604 3415 inlata,
626 3334 667 3399 ad
686 3331 839 3417 liquidum
865 3335 994 3421 perduci
1015 3336 1069 3399 vix
1098 3336 1227 3422 poterit:
1248 3359 1342 3402 unum

168 3492 172 3497 .
230 3429 336 3498 eorum
364 3441 417 3495 aut
436 3441 618 3517 utrumque,
642 3432 733 3515 quale
755 3455 839 3499 nunc
860 3444 922 3515 est,
951 3457 992 3499 ex
1012 3434 1078 3521 ipso
1099 3434 1178 3501 libro
1196 3436 1292 3501 XXI.
1313 3434 1346 3502 in

230 3521 325 3607 breve
343 3541 538 3600 contractum
564 3554 631 3599 esse
656 3532 748 3600 nullis
775 3533 1168 3622 aliorum-epitomatorum
1195 3535 1345 3622 manibus,

230 3631 508 3715 intercedentibus,
531 3635 721 3720 argumentis
745 3634 950 3702 demonstrari
981 3633 1088 3716 nequit
1118 3653 1220 3718 neque
1251 3634 1346 3700 ullam

230 3733 325 3798 habet
345 3732 603 3819 probabilitatem.

292 3829 332 3895 In
352 3832 414 3898 fine
435 3829 504 3896 libri
516 3827 643 3900 XVIII.
666 3832 710 3921 (p.
732 3832 808 3916 204)
837 3842 1000 3921 postquam
1027 3832 1207 3921 simpliciter
1230 3831 1346 3900 dicmm

231 3942 287 4012 est,
309 3951 462 4016 quaenam
483 3931 697 4017 duodeviginti
716 3933 979 4020 praepositionum
1008 3932 1070 4000 sint
1096 3928 1345 4016 bpbmoroo'peaaa

214 4223 220 4228 .
333 4178 404 4228 nisse
421 4178 471 4227 sibi
490 4177 558 4228 visus
576 4182 640 4241 erat,
659 4193 689 4227 eo
707 4177 790 4243 magis
809 4178 927 4229 omittere
944 4194 1056 4244 possum,
1075 4178 1136 4244 quia
1153 4177 1208 4243 ipse
1226 4174 1385 4230 Schmid·'
1489 4197 1490 4260 p

237 4253 263 4270 ’“
335 4264 387 4313 tius
404 4267 495 4328 postea
512 4264 668 4314 sententiam
684 4263 804 4313 mutarit.
