3009 4709
202 589 269 638 esse
295 566 342 634 La
368 564 504 634 Rocbius
539 564 624 633 haud
652 586 768 653 magua
802 588 875 630 cum
907 566 1126 654 probabilitate
1151 566 1324 654 auspicatur

203 690 249 773 (p.
266 669 359 752 510);
387 667 443 733 sed
463 667 502 734 de
522 666 634 732 talibus
669 688 735 732 606
764 661 994 752 disputandum.
1037 665 1142 734 Mairis
1171 666 1318 732 momenti

203 772 265 836 duo
287 769 339 835 alii
359 768 421 836 loci
442 776 526 832 sunt:
547 764 652 834 Schol.
665 765 722 830 Ar.
738 767 801 834 Αν.
814 768 873 834 877
896 765 1082 850 Ἡρωδιανὸς
1104 766 1134 831 ἐν
1155 768 1198 853 τῷ
1209 763 1324 850 ᾖβάσκ’

198 868 240 938 ἴθι
255 866 318 952 Ἶρι
338 873 442 952 ταχεῖα
462 865 511 932 τὸν
523 863 649 949 Ἕκτορι
669 863 899 948 μῦθννένισπες
920 867 1008 951 (Itu
1027 867 1116 952 166)κ
1141 866 1323 953 ἐπιμερισρῴ

202 991 274 1053 φησι
294 967 344 1034 τ6ν
364 967 488 1052 xpeto
506 963 600 1048 λέγειν
621 969 757 1050 βαρύνειν
778 967 929 1041 Ἀττικοὺς
954 967 988 1033 τὸ
1011 967 1167 1052 στροόθος.
1211 967 1318 1035 Schol.

201 1070 292 1136 Vll.
314 1071 337 1134 Τ
358 1069 417 1135 267
438 1068 564 1151 aelric:
598 1065 665 1131 ἀλλ’
685 1065 799 1151 εἴρηται
824 1066 877 1150 μὲν
898 1066 946 1131 ἐπὶ
976 1067 1081 1150 πολλῷ
1101 1066 1207 1152 χρδνῳ
1229 1067 1321 1153 ἥκειν·

202 1169 260 1235 cao*
282 1169 316 1236 δὲ
336 1169 442 1234 τοῦτον
464 1165 497 1231 τό
518 1167 609 1252 λευκή
634 1165 650 1232 ὁ
669 1165 854 1251 Ἡρωδιανὸς
876 1169 907 1233 έν
929 1167 1110 1252 ἐπιμεριαρῴ
1130 1164 1213 1232 τώον
1242 1167 1319 1252 (leg.

140 1339 144 1351 ,
201 1274 245 1355 τῷ
266 1279 319 1335 aut
350 1263 415 1352 roi)
449 1263 524 1349 „ola
550 1266 641 1350 ὄγχνη
673 1265 709 1331 orl
743 1268 922 1352 capuciatus
951 1267 1026 1348 (Ol.
1054 1272 1198 1355 c247)“,
1227 1289 1321 1356 quem

200 1371 304 1436 locum
324 1366 371 1434 La
388 1366 526 1432 Rochius
546 1377 687 1433 accurate
709 1368 852 1455 exposuit
874 1371 916 1456 (p.
938 1370 1026 1447 516).
1069 1374 1215 1459 Apparet
1236 1373 1319 1438 hanc

202 1468 315 1535 citandi
350 1469 511 1548 rationem,
546 1485 626 1550 quae
652 1467 693 1532 ad
714 1479 816 1535 certos
842 1490 950 1534 versus
979 1469 1165 1538 Homericos
1192 1482 1320 1559 spectat,

201 1590 328 1655 prorsus
359 1566 512 1632 diversam
542 1586 607 1631 esse
628 1569 667 1634 ab
689 1590 726 1634 ea
746 1587 807 1651 qua
829 1568 906 1636 Orio
935 1581 966 1636 ct
987 1570 1160 1657 etymologi
1180 1580 1319 1636 utuntur.

201 1668 314 1751 Neque
334 1678 439 1734 umen
461 1689 532 1731 cum
552 1666 690 1755 Sauppio
711 1668 846 1751 (Ztscbr.
874 1673 896 1735 t
918 1670 948 1737 6.
969 1670 1061 1738 AW.
1091 1674 1169 1744 1835
1191 1696 1221 1761 p.
1244 1675 1319 1759 666)

201 1768 383 1856 putaverim,
405 1767 462 1834 hos
476 1767 560 1834 locos
574 1772 718 1851 (quorum
731 1772 819 1856 prior
830 1781 915 1837 certe
926 1792 965 1835 ex
980 1770 1165 1839 Herodiano
1179 1784 1319 1861 sumptus

202 1880 259 1953 est,
280 1870 319 1936 ci.
332 1867 418 1949 Mon,
438 1868 489 1949 42,
508 1869 558 1952 lt)
570 1869 610 1932 ad
621 1868 805 1935 Prosodiam
821 1870 1024 1938 Homericam
1044 1894 1111 1939 esse
1126 1874 1318 1944 referendos.

201 1969 283 2034 Nam
304 1990 415 2054 parum
434 1967 596 2053 probabile
617 1978 673 2050 est,
695 1968 911 2037 Herodianum
938 1970 979 2035 ad
998 1971 1036 2039 lt.
1058 1978 1085 2037 Λ
1106 1974 1166 2039 186
1187 1985 1318 2062 propter

203 2070 296 2153 pillos
318 2091 425 2135 vocem
448 2068 505 2151 (de
526 2069 611 2134 cuius
629 2081 760 2136 accentu
783 2070 887 2137 dicere
907 2072 1046 2157 profecto
1061 2093 1125 2137 606
1142 2094 1220 2158 opus
1238 2083 1317 2150 erat)

202 2170 294 2238 etiam
315 2170 355 2236 de
376 2171 522 2253 00ροῦῦος
544 2170 662 2253 egisse,
697 2170 738 2234 ad
761 2169 824 2237 06.
846 2192 873 2236 ιν
902 2172 962 2233 247
991 2180 1095 2236 autem
1123 2171 1198 2236 talia
1223 2173 1317 2239 0660

201 2283 282 2337 tasse
304 2271 408 2357 qualia
428 2279 549 2340 exstant
569 2271 602 2336 in
624 2269 728 2338 Crem.
772 2270 835 2334 Au.
864 2269 927 2336 Ox.
958 2268 984 2336 Ι.
1006 2292 1037 2355 p.
1058 2271 1137 2351 366,
1159 2271 1216 2353 295
1236 2273 1312 2337 haec

203 2370 286 2438 euim
306 2373 372 2437 sine
393 2369 488 2435 dubio
509 2370 633 2456 integra
653 2367 779 2436 ulterius
799 2370 900 2435 foena
921 2381 978 2436 est.
1019 2371 1093 2439 Duo
1117 2371 1179 2440 loci
1205 2371 1237 2438 id
1265 2371 1315 2436 de·

202 2481 374 2537 monstrare
395 2469 557 2551 videntur,
584 2470 738 2536 exstitisse
758 2470 980 2557 Epimerismos
1000 2466 1175 2537 Herodiani
1201 2492 1315 2537 nomen

201 2570 500 2660 praeseferentes,
521 2589 653 2652 quorum
682 2570 815 2656 scriptor
840 2572 981 2638 versibus
1002 2571 1177 2640 Homericis
1205 2572 1245 2653 ad
1265 2594 1317 2636 va·

201 2672 262 2738 rias
283 2693 335 2738 res
355 2668 572 2755 grammaticas
593 2669 889 2755 proferendasusus
912 2675 1007 2754 esu),
1029 2681 1122 2758 atque
1142 2672 1199 2738 bos
1218 2672 1257 2734 ab
1278 2691 1316 2735 co

201 2794 306 2857 opere,
328 2769 412 2857 quod
441 2768 613 2855 etymologi
641 2769 675 2833 in
697 2791 787 2835 usum
807 2793 899 2836 suum
925 2782 1157 2854 converterunt,
1178 2769 1313 2835 diversos

200 2872 293 2937 fuisse
302 2879 432 2958 propter
439 2869 593 2934 diversam
600 2869 716 2934 citandi
729 2870 881 2936 rationem
897 2872 1060 2956 probabile
1073 2882 1130 2936 cst.
1146 2870 1238 2938 Ultra
1252 2890 1317 2934 606

199 2969 391 3058 progredior.
424 3004 464 3016 -
485 2966 536 3034 Ne
557 2967 633 3054 quid
653 2963 887 3035 Herculaneum
907 2991 1022 3036 nomen
1041 2971 1142 3038 ferens
1164 2969 1314 3036 hocloco

200 3069 338 3137 omisisse
372 3070 497 3151 videar,
526 3091 735 3136 commemoro
752 3071 857 3136 'etiam
884 3069 1109 3155 Epimerismos
1144 3090 1163 3134 e
1197 3069 1317 3138 duobus

199 3170 355 3237 codicibus
382 3169 530 3236 Parisinis
557 3195 576 3233 a
606 3168 797 3237 Boissonado
829 3171 928 3238 editos
942 3177 980 3252 ²),
1023 3170 1063 3234 <le
1090 3169 1202 3255 quibus
1240 3166 1318 3253 quid

200 3269 390 3337 censendum
410 3270 450 3332 sit
481 3271 543 3336 iam
566 3293 658 3338 nemo
677 3271 811 3356 ignoret.
854 3267 1037 3357 optandum
1065 3291 1141 3336 sane
1169 3277 1260 3350 esset,
1282 3275 1318 3331 ut

200 3392 307 3440 omnes
336 3371 490 3437 falsaverii
515 3372 645 3458 posteris
676 3382 740 3438 tam
766 3370 887 3435 facilem
908 3368 1103 3455 detegendae
1124 3368 1241 3436 fraudis
1262 3367 1315 3433 an·

201 3496 267 3538 sam
287 3472 501 3560 praebuissent
521 3474 779 3558 praeberentque.
801 3499 840 3519 ⁴-
1411 3527 1415 3531 .

239 3574 279 3641 Ι6
299 3576 406 3659 Etym.
427 3596 468 3638 m.
490 3573 583 3656 (794,
603 3574 660 3656 38)
689 3573 822 3639 citantor
842 3569 1033 3655 Ἧρωδιαννό
1065 3568 1236 3652 ζητούμενα,
1256 3570 1315 3632 τῶν

198 3680 295 3761 μερῶν
318 3678 371 3742 τοῦ
392 3674 484 3757 λόγου
506 3673 545 3739 60
565 3673 739 3742 differentia
760 3672 983 3739 vocabulorum
1003 3661 1165 3754 φιλοπότής
1181 3679 1213 3735 et
1226 3671 1316 3752 φιλο-

198 3772 308 3864 caitae.
351 3778 456 3862 Atque
477 3775 580 3861 egitur
598 3796 673 3842 sane
695 3774 734 3841 de
756 3772 864 3840 cadem
887 3796 924 3839 rc
950 3772 984 3836 in
1011 3769 1120 3837 libello
1141 3767 1315 3854 Herodiani

200 3917 503 3933 mentham—*uua-

254 3990 272 4057 1)
292 3990 332 4044 Cf.
353 3989 457 4041 Lebreii
480 3989 571 4041 borum
590 3987 714 4039 librorum
731 3985 939 4053 descriptionem,
958 4001 986 4050 p,
1005 3986 1055 4034 425
1074 3998 1114 4049 sq.
1134 4010 1164 4020 -
1183 3982 1225 4034 Ad
1242 3981 1313 4034 eius·

300 4077 359 4127 dem
385 4076 487 4142 generis
516 4076 612 4125 librum
638 4080 757 4141 spectare
779 4073 881 4124 videtur
904 4067 1009 4139 Δίδυμος
1040 4066 1069 4122 ὲν
1095 4066 1242 4140 ὲπιμερισριρ
1270 4072 1312 4116 τοῦ

300 4159 402 4232 „pem
419 4159 485 4212 cicala
502 4159 573 4215 leur
609 4160 697 4216 Schol.
717 4162 767 4212 Od.
786 4157 800 4210 6
820 4161 878 4210 797.

259 4283 280 4345 ²)
298 4283 380 4335 Iidem
398 4287 503 4336 entant
519 4285 548 4336 iu
567 4285 624 4337 cod.
641 4284 757 4339 vindob.
775 4286 834 4336 246.
867 4283 968 4349 Nesse,
986 4281 1064 4334 catal.
1084 4281 1102 4328 4
1121 4295 1148 4345 p.
1169 4279 1226 4330 131.
