3009 4709
370 1356 582 1439 Eduardus
615 1343 740 1437 Hiller
779 1355 829 1436 de
860 1351 936 1436 vita
966 1378 1048 1434 sua.

644 1593 790 1601 μ..-

45 1845 46 1848 Ὶ
243 1761 346 1826 Natus
372 1785 443 1827 sum
466 1760 679 1825 Francofurti
699 1758 740 1822 ad
763 1758 929 1837 Moenum,
958 1776 1042 1818 anno
1068 1754 1164 1817 huius
1189 1775 1258 1817 sae-

45 1863 46 1866 *
162 1869 227 1933 culi
239 1870 353 1935 XLIV
370 1870 561 1956 Iosepho
585 1878 618 1933 et
640 1868 693 1933 Mi
704 1890 752 1930 na
767 1865 970 1954 parentibus.
1012 1863 1132 1927 Primis
1148 1862 1257 1926 litera·

160 2003 233 2043 rum
252 1979 423 2044 elementis
438 1979 581 2042 imbutus
599 1977 810 2064 gymnasium
827 1975 952 2064 patriae
968 1974 1059 2038 urbis
1078 1972 1154 2053 adii,
1171 1970 1258 2057 quod

160 2097 228 2150 tum
261 2088 418 2151 Ioanne
446 2086 651 2153 Classeno
684 2095 815 2150 rectore
846 2083 1000 2163 florebat,
1036 2091 1134 2177 atquc
1163 2079 1259 2144 huius

159 2195 366 2284 potissimum
390 2195 564 2282 disciplina
588 2196 712 2258 factum
735 2203 794 2275 est,
817 2191 1257 2275 utliterarumantiquarum

159 2328 249 2369 amor
280 2303 314 2366 in
346 2327 397 2368 me
429 2311 631 2367 nasceretur.
674 2301 812 2366 Praeter
834 2300 1030 2367 Classenum
1054 2296 1253 2363 Fleckei-

160 2436 290 2478 senus
315 2412 494 2501 praecipue
520 2421 553 2476 et
575 2410 804 2493 Ebernius,
834 2410 956 2497 optime
987 2408 1028 2473 de
1059 2429 1111 2471 me
1142 2405 1260 2488 meriti,

164 2521 294 2587 colendi
318 2521 400 2584 mihi
424 2531 500 2585 sunt
530 2520 585 2608 pio
614 2530 776 2605 gratoque
807 2518 925 2583 animo.
970 2518 1083 2582 Verno
1111 2525 1260 2602 tempore

86 2649 93 2655 “
163 2635 241 2698 anni
254 2635 354 2700 LXII
371 2633 566 2699 maturitatis
582 2632 769 2698 testimonio
786 2633 975 2714 instructus,
987 2654 1045 2719 per
1061 2629 1142 2694 duos
1158 2650 1262 2693 annos
1312 2626 1316 2633 ’

160 2744 309 2825 Bonnae,
338 2743 459 2808 deinde
482 2766 542 2830 per
567 2765 669 2807 unum
694 2742 887 2827 Gottingae,
910 2740 1053 2826 denique
1076 2762 1136 2827 per
1159 2761 1260 2802 unum

163 2853 283 2917 iterum
304 2854 442 2917 Bonnae
465 2852 588 2919 studiis·
609 2851 823 2940 philologieis
854 2874 990 2939 operam
1018 2849 1106 2914 dedi.
1149 2849 1259 2938 Docu-

141 2970 260 3024 verunt
284 2983 337 3026 me
363 2960 517 3046 per-hoc
547 2970 677 3047 tempus
707 2958 899 3040 Curtius,
927 2958 1083 3039 Lotze,¹
1103 2955 1261 3037 Ritter,

161 3068 343 3155 Sauppe,
359 3067 740 3149 Waitu,Wieseler
763 3066 1013 3150 Gottingenses,
1037 3066 1155 3147 Dies,
1177 3065 1261 3132 Gil-

160 3176 419 3257 demeister,
454 3176 574 3259 Iahn,
615 3174 1005 3255 Maurenbrecher,
1044 3174 1261 3256 Monnard,

159 3283 348 3366 Ritsohl‚
388 3283 759 3367 Schaarschmidt,
795 3282 1022 3366 Schaefer,
1062 3283 1261 3365 Schmidt,

161 3393 373 3476 Simrock,
398 3394 628 3481 Springer,
652 3394 700 3458 de
724 3393 881 3480 Sybcl,
903 3391 1133 3476 Trosclrel,
1158 3392 1261 3457 Wal-

161 3510 227 3565 ter
259 3503 463 3569 Bonnenses.
516 3502 820 3567 Excrriutionihus
853 3502 991 3567 interfui
1030 3500 1261 3567 Schmidtii

161 3610 383 3699 philologieis,
403 3611 549 3677 Noord
561 3635 578 3675 e
590 3611 632 3674 ni
648 3621 680 3676 et
694 3611 774 3676 Ber
785 3634 807 3674 n
819 3611 925 3675 hard
937 3611 969 3675 ti
985 3611 1160 3676 historicis.
1186 3610 1260 3679 Sin·

162 3719 271 3804 gulari
292 3720 526 3785 benevolentia
556 3719 702 3786 Iahnii
726 3728 759 3784 et
780 3718 1020 3784 Ritschelii
1050 3723 1170 3784 factum
1201 3731 1260 3802 est,

162 3836 198 3892 ut
222 3825 389 3891 seminarii
409 3828 605 3914 philologici
618 3829 805 3894 Bonnensis
829 3851 890 3915 per
914 3838 965 3894 ter
984 3851 1044 3893 sex
1060 3851 1191 3894 menses
1210 3852 1259 3894 so-

163 3935 247 3999 dalis
270 3957 375 4000 essem
398 3935 602 4017 ordinarius;
623 3946 796 4023 praeterea
819 3936 995 4002 Iahnius
1017 3937 1163 4022 benigne
1184 3960 1259 4026 per-

161 4044 258 4127 misit,
283 4053 319 4107 ut
340 4044 506 4109 seminarii
529 4043 772 4129 archaeologici
795 4044 916 4110 sodalis
939 4045 1125 4109 ordinarius
1144 4070 1259 4129 essem,

161 4153 375 4221 Ritscheli
387 4177 429 4220 us
450 4164 488 4219 ut
504 4154 796 4221 exercitationibus
815 4155 1009 4221 interessem
1026 4154 1258 4244 epigraphicis.
