3009 4709
749 359 797 438 48
823 403 832 420 .

697 453 751 466 M*!
757 454 781 466 ss
786 461 793 466 »
797 456 849 468 vos-ss

216 587 326 654 eadem
347 610 381 652 re
403 584 443 650 acl
464 586 649 654 sententiam
669 593 765 652 suam'
778 585 1040 673 comprobandam
1061 587 1105 652 uti
1125 586 1241 671 uellet,
1273 611 1327 654 no·

217 712 270 751 ras
290 688 347 752 sibi
369 686 491 773 pararit
511 686 717 754 difficultates.
760 685 815 767 Ea,
839 705 918 768 quae
939 685 1015 750 mibi
1036 710 1199 754 seruasse
1220 688 1327 754 viden·

215 802 273 871 tur,
295 789 373 853 haec
393 798 473 852 sunt.
494 786 602 852 Potest
622 787 701 866 fleri,
724 797 758 851 ut
779 787 910 874 scriptor
931 787 1040 868 aliquis
1061 786 1092 851 in
1111 787 1233 853 citando
1247 789 1327 854 libro

215 889 355 956 trandum
377 888 459 953 edito
480 897 619 972 tempore
641 885 807 973 praeterite
832 897 950 966 utatur,
977 887 1003 950 si
1025 907 1093 950 eam
1114 888 1213 975 ipsam
1235 907 1328 970 quam

214 988 320 1055 laudat
348 986 418 1052 libri
450 994 571 1074 partem
599 985 660 1050 iam
693 987 839 1074 scriptam
867 1009 903 1051 ae
939 986 1109 1071 perfectam
1137 986 1245 1068 habet,
1274 986 1329 1053 sed

214 1090 306 1178 paulo
328 1086 545 1172 neglegentius
566 1094 628 1165 est,
657 1077 717 1152 hoc
738 1106 801 1149 non
823 1087 996 1172 corrigere,
1024 1085 1122 1149 altero
1151 1085 1231 1150 libro
1252 1109 1328 1150 noa-

214 1190 289 1253 dam
310 1187 446 1273 perfeeto
465 1197 556 1267 atque
574 1185 665 1266 edito,
677 1208 748 1249 eum
770 1186 905 1272 priorem
923 1188 1051 1265 emittat,
1071 1185 1215 1268 idemque
1233 1187 1328 1251 etiem

214 1289 296 1355 valet
316 1287 355 1352 de
376 1286 529 1356 centraria
550 1308 593 1365 re,
614 1287 752 1350 futurum
775 1285 842 1350 ‹lico
865 1284 1036 1350 adhibitum
1048 1287 1082 1349 in
1099 1284 1228 1349 citandis
1241 1285 1331 1352 libris

214 1389 276 1456 iam
297 1386 465 1474 scriptis.¹)
486 1385 563 1450 Dixi
584 1386 662 1450 haee
683 1385 751 1450 fieri
773 1407 907 1470 posse:
931 1407 1055 1469 prorsus
1077 1396 1160 1450 certa
1181 1384 1329 1471 exempla

215 1485 298 1574 apud
320 1487 417 1551 bonos
438 1482 654 1569 grammaticos
676 1483 815 1551 Graecos
837 1505 898 1547 non
919 1483 1053 1549 invenio.
1081 1485 1133 1550 De
1154 1485 1329 1571 Apollonio

216 1588 299 1653 enirn
319 1586 423 1649 statim
444 1582 630 1664 videbimus3
662 1583 694 1647 in
715 1583 879 1648 Eustatbio
908 1606 982 1647 sane
1010 1584 1163 1668 reperitur
1191 1585 1268 1649 haec
1298 1584 1331 1648 in

216 1686 337 1750 citando
360 1682 568 1769 neglegentia:
592 1702 692 1765 neque
713 1707 788 1750 vero
809 1683 834 1746 is
848 1683 1042 1748 adhibendus
1059 1694 1114 1765 est,
1136 1687 1162 1750 si
1179 1685 1218 1750 da
1231 1685 1329 1771 Apol-

215 1786 299 1850 lonio
321 1784 437 1869 agitur,
470 1806 506 1847 ae
533 1793 694 1868 praeterea
721 1782 804 1848 haud
827 1782 995 1868 exiguain
1017 1785 1131 1848 haere
1154 1785 1330 1848 differentia

215 1884 377 1950 statuenda
398 1892 444 1946 est
464 1884 545 1947 inter
566 1882 849 1968 amplosllustathii
872 1883 1109 1949 commentarios
1125 1893 1156 1947 et
1166 1883 1329 1969 Apollonii

217 1987 339 2073 scripta.
379 1983 514 2048 ‘l'antum
542 1982 637 2067 igitur
666 1984 767 2064 abest,
790 1992 824 2046 ut
851 2004 943 2070 saepe
964 1983 1041 2047 illud
1062 1985 1176 2049 sactum
1197 2005 1265 2050 esse
1284 1983 1329 2046 vi·

215 2089 334 2167 deutur,
357 2093 389 2148 ut
409 2085 535 2149 minime
555 2093 696 2148 vetemur
717 2103 734 2145 e
755 2084 923 2148 verborum
944 2082 1050 2147 formis
1071 2082 1103 2147 in
1124 2084 1247 2150 citando
1276 2083 1328 2147 ad·

216 2187 321 2253 bibitis
342 2208 412 2252 cunt
434 2183 651 2270 probabilitate
667 2184 740 2248 satis
758 2206 873 2267 magna
889 2182 1048 2267 colligere,
1070 2201 1206 2265 quonam
1221 2184 1327 2250 ordine

217 2286 287 2352 libri
309 2285 470 2372 compositi
490 2284 543 2349 vel
563 2282 665 2369 potius
693 2283 767 2348 editi
794 2283 864 2348 sint.
907 2282 1108 2368 Saepissime,
1141 2283 1262 2370 opiner,
1292 2281 1324 2343 ia

218 2383 400 2452 definiendis
421 2384 611 2471 temporibus
633 2383 730 2449 coacti
759 2406 863 2447 sumus
893 2384 1082 2467 argumentis
1106 2383 1203 2448 multo
1231 2383 1326 2447 ineer-

218 2484 345 2552 tioribus
366 2486 419 2548 uti.
1127 2567 1131 2574 .

281 2585 371 2663 Quae
391 2584 416 2648 si
438 2607 513 2650 vera
533 2593 621 2665 sunt,
649 2586 789 2669 proferre
816 2584 931 2664 audeo,
960 2583 1121 2671 Apollonii
1148 2584 1262 2648 librum
1291 2581 1331 2648 de

218 2684 481 2751 coniunctionibus
505 2684 624 2748 editum
645 2707 712 2750 esse
733 2704 806 2751 ante
826 2686 939 2750 librum
962 2685 1002 2750 da
1023 2684 1193 2764 adverbiis,
1216 2684 1331 2748 librum

218 2785 257 2850 de
279 2784 454 2868 compositis
476 2793 546 2870 pest
565 2784 679 2849 librum
701 2784 740 2850 de
762 2784 954 2872 pronomine,
975 2784 1088 2850 librum
1109 2782 1176 2867 napi
1194 2784 1249 2845 τῶν
1266 2782 1331 2844 διε-

217 2882 390 2968 ψευσμένον
411 2883 504 2948 τόνον
527 2883 566 2965 (si
586 2907 620 2949 re
642 2907 717 2949 vera
738 2885 926 2970 Apollonius
948 2903 1020 2950 eum
1042 2884 1184 2969 perfecit)
1202 2891 1274 2970 post
1295 2881 1331 2946 li·
1385 2955 1390 2960 ,

221 2987 309 3050 brum
337 2986 375 3050 de
395 2985 597 3067 adverbiis2).
640 2984 740 3066 Atqui
768 2987 846 3052 haec
875 2984 978 3050 omnia
1000 2983 1134 3048 Dronkii
1163 2983 1332 3047 sententiae

218 3095 324 3173 aperte
355 3087 479 3150 obstant
509 3085 551 3168 (v.
573 3110 603 3173 p.
626 3086 710 3167 567).
752 3085 855 3152 Minus
887 3094 972 3151 certe
1003 3083 1139 3148 iudicare
1170 3104 1333 3171 possumus

219 3188 259 3256 de
277 3185 362 3250 libris
382 3185 448 3268 napi
471 3182 774 3269 intemperantem
795 3191 937 3269 μετοχῶν,
956 3184 1022 3267 περὶ
1045 3180 1219 3257 συντάξεως.
1252 3184 1332 3250 Cum

221 3286 304 3353 enim
323 3310 423 3373 paene
444 3309 552 3354 ornnes
572 3285 631 3352 loci
650 3287 863 3352 demonstrare
879 3285 1049 3365 videantur,
1072 3286 1206 3371 primum
1219 3285 1334 3349 librum

221 3386 260 3452 de
283 3386 444 3467 adverbiis,
467 3385 579 3450 deinde
599 3387 713 3451 librum
733 3387 774 3450 de
794 3385 959 3472 participiis
982 3385 1077 3466 (quod
1098 3394 1130 3447 et
1143 3384 1244 3469 ipsum
1260 3406 1333 3450 eon-

220 3486 348 3555 trarium
368 3496 416 3553 est
437 3509 455 3550 a
475 3485 609 3551 Dronkii
631 3473 804 3573 opinione),
831 3497 898 3550 tum
923 3485 1019 3550 libros
1040 3484 1080 3551 de
1107 3485 1334 3551 constructione

222 3699 451 3707 mm...
457 3699 472 3704 ..a
484 3698 523 3706 ...-

282 3810 300 3877 ¹)
318 3811 445 3861 Praesens
462 3813 598 3873 utramque
617 3806 748 3857 notionem
768 3803 864 3855 habere
882 3807 980 3869 potest:
1000 3801 1032 3852 cf.
1051 3801 1115 3856 Her.
1138 3801 1209 3854 blan.
1230 3802 1293 3866 tet
1310 3807 1337 3853 et

323 3900 364 3959 aa,
387 3898 427 3945 rc.
447 3898 489 3958 4ο,
510 3897 539 3946 11
559 3899 585 3943 aa
601 3895 643 3955 rr,
665 3893 706 3945 ar.

252 4098 257 4106 ,
281 4041 301 4108 ²)
320 4039 353 4090 V.
373 4039 405 4091 de
423 4039 482 4089 adv.
502 4056 527 4103 p.
547 4039 611 4100 543,
636 4037 675 4089 18.
695 4036 737 4087 26.
758 4034 790 4083 de
808 4049 882 4099 pron.
901 4050 926 4097 p.
946 4034 996 4081 299
1015 4032 1047 4087 Β,
1067 4032 1099 4082 de
1118 4038 1211 4082 constr.
1231 4049 1257 4096 p.
1276 4034 1336 4094 ere,

322 4130 364 4176 24.
392 4126 425 4176 de
451 4126 510 4179 adv.
534 4142 557 4188 p.
586 4124 645 4184 581,
665 4123 691 4174 4.
713 4148 743 4156 -
764 4120 828 4169 Loci
846 4119 890 4183 qui
908 4123 969 4167 sunt
986 4117 1019 4166 de
1037 4123 1132 4168 oonstr.
1152 4136 1177 4183 p.
1197 4121 1239 4181 49,
1258 4120 1291 4167 96
1311 4123 1339 4166 et

324 4214 384 4274 246,
406 4214 440 4262 24
458 4227 510 4261 non
528 4212 562 4260 ad
580 4210 645 4260 alios
662 4207 742 4257 libros
761 4205 888 4256 referendi
905 4210 982 4265 suut,
1001 4205 1047 4255 sed
1065 4205 1099 4254 ad
1117 4205 1232 4274 eiusdem
1251 4206 1337 4271 operis

323 4298 393 4352 loeas
413 4314 438 4364 p.
457 4300 499 4361 85,
521 4300 551 4347 lu
569 4312 626 4362 sqq.
646 4297 673 4345 et
691 4293 750 4355 268,
769 4294 803 4341 ‘20
821 4303 879 4357 sqq.
