3009 4709
697 361 843 470 „siim

211 585 294 669 εἶναι,
328 586 400 652 διότι
432 586 575 654 οὐδέποτε
608 586 789 671 πυσματικδν
826 585 916 670 μέρος
946 584 1036 669 λόγου
1064 587 1261 671 προτιόσσεται
1294 589 1324 655 ἐν

212 686 356 768 συνθέσει,
379 688 560 772 ὲξηρημὲνου
589 683 641 752 τοῦ
671 687 816 760 ποδαπός·
838 684 998 769 ἐπέγκειτοι
1026 686 1083 770 γὰρ
1111 688 1144 754 τό
1171 698 1257 765 ποῖος
1282 695 1326 777 τῷ

212 785 332 874 δαπέδῳ
351 804 359 824 ·
379 789 432 854 δόο
461 788 494 853 δὲ
514 786 601 852 πόλιν
631 783 666 851 od
688 788 825 851 δόνανται
854 783 937 851 εἶναι·
965 784 1076 872 εἰρήκει
1096 787 1153 872 γὰρ
1182 790 1218 854 όν
1247 787 1327 856 πόσα

210 888 309 973 ἤματα
323 907 330 922 ·
343 885 550 971 ἀπορουμένου
572 888 667 952 τοίνυν
690 885 794 968 αὐτοῦ,
824 886 946 951 κάλλιόν
976 887 1036 952 ἐστι
1058 886 1168 970 λέγειν,
1200 887 1231 952 ἓν
1254 885 1326 954 εἶναι

211 986 302 1072 μέρος
322 986 413 1068 λόγου
436 985 536 1070 ὅμοιον
558 992 602 1072 τη]
624 986 760 1071 ἐννῆμαρ.
804 986 932 1068 Elncet,
966 987 1045 1052 lunc
1067 986 1235 1054 disserendi
1263 991 1326 1056 lor·

210 1111 295 1152 mam
326 1088 404 1153 nulli
437 1087 488 1152 alii
515 1088 595 1153 libro
621 1089 721 1174 magis
753 1087 929 1153 convenire.
971 1085 1138 1154 Praeterea
1169 1111 1239 1154 curn
1266 1090 1327 1156 hoe

210 1185 380 1252 Prosodiao
400 1187 515 1252 Iliacae
536 1188 604 1252 loco
624 1185 757 1270 ἐζήτητο,
779 1186 878 1253 altero
894 1209 955 1272 quo
969 1184 1127 1270 προτάσεις
1141 1210 1327 1255 commemo·

210 1286 408 1372 retectisque
429 1286 624 1352 Herodianus
646 1288 742 1369 dicat,
777 1287 816 1351 ad
837 1287 920 1352 idem
940 1309 1017 1374 opus
1039 1290 1236 1356 referendum
1259 1314 1328 1359 esse

210 1396 284 1475 puto
306 1386 390 1474 quud
410 1385 542 1471 legimus
563 1387 603 1452 ud
625 1390 650 1451 ll
671 1388 733 1453 305
754 1390 835 1470 (quei
855 1387 922 1470 περὶ
942 1392 995 1451 τοῦ
1024 1388 1112 1453 τόνου
1140 1394 1193 1454 τοῦ
1224 1390 1329 1456 duoet-

210 1508 263 1551 κον
285 1490 350 1560 πῶς
371 1487 415 1550 δεῖ
436 1485 645 1568 ἀναγινώσκειν
666 1499 700 1553 et
714 1486 755 1551 nd
777 1490 798 1551 P
822 1489 881 1553 190
901 1523 941 1535 -
962 1485 1005 1551 ότι
1026 1510 1066 1571 μη
1088 1490 1163 1573 μόνη
1185 1490 1205 1576 ἡ
1228 1489 1327 1557 ἀέκων

211 1588 279 1669 περὶ
304 1586 341 1672 ἧς
369 1590 525 1671 ζητοῦμεν,
559 1589 597 1654 cf.
625 1588 709 1652 adli
741 1587 799 1652 153
830 1585 878 1651 διὰ
904 1586 985 1652 τίδὲ
1005 1584 1039 1654 τό
1062 1612 1082 1653 α
1111 1588 1246 1675 ἐψιλώδη
1281 1595 1328 1671 (in

211 1683 323 1769 ἀέκων)
353 1686 382 1751 ἐν
410 1685 521 1770 ἑτέροις
548 1688 669 1769 ἔφαμεν.
712 1686 812 1768 Orus,
841 1710 911 1752 eum
940 1688 1038 1763 λ’όσεις
1066 1684 1239 1774 προτάσεων
1266 1699 1327 1755 τῶν

210 1785 397 1870 Ἥρωδιανοδ
420 1788 571 1854 scriberet
592 1787 694 1865 (Suid.
724 1811 747 1851 s.
770 1795 827 1869 n),
848 1787 880 1853 id
912 1789 977 1853 sine
999 1789 1094 1855 dubio
1116 1793 1197 1876 egit,
1219 1803 1254 1856 ut
1275 1805 1329 1860 aut

211 1909 319 1955 eurum
351 1889 579 1974 quaestionum,
612 1910 687 1974 quas
719 1886 917 1953 Herodianus
949 1888 982 1952 in
999 1890 1116 1972 ,medio
1148 1891 1326 1979 reliquerat,

212 1988 381 2054 solutiones
412 1997 618 2075 proponeret,
651 1997 703 2053 aut
734 1990 774 2054 ab
807 1987 987 2054 Herodiano
1023 1991 1197 2076 propositus
1233 1995 1326 2059 corri-

211 2100 311 2170 geret.
334 2124 374 2135 —
701 2093 703 2096 ’
1086 2117 1088 2124 ’

273 2188 435 2252 Truentus
456 2188 524 2272 περὶ
544 2189 693 2273 μονηρους
714 2186 826 2263 λέξεως
839 2190 871 2271 ¹)
897 2211 977 2253 unus
998 2189 1080 2255 inter
1100 2192 1203 2256 omnia
1224 2193 1322 2260 Hero·

212 2288 294 2353 diani
320 2290 432 2375 scripta
462 2287 601 2375 integer,
635 2289 692 2356 etsi
718 2299 820 2354 textus
852 2287 1099 2374 corruptissimus
1120 2301 1180 2374 est,
1210 2293 1246 2356 sd
1265 2314 1320 2355 uos

210 2388 387 2475 pervenisse
408 2388 541 2455 videtur.
589 2389 788 2476 Quamquam
815 2390 897 2454 enim
918 2412 1014 2453 unum
1042 2389 1213 2457 alterumve
1234 2397 1324 2477 capnt

211 2488 328 2559 librarii
351 2488 552 2574 neglegentis
573 2490 725 2556 excidisse
748 2491 838 2555 certis
861 2491 1051 2575 argumentis
1072 2491 1181 2575 negari
1210 2491 1325 2576 nequit,

210 2597 315 2654 tomen
343 2609 445 2675 noque
473 2587 570 2653 ullum
597 2599 699 2654 exstat
725 2589 970 2676 interpolationis
1000 2589 1123 2673 signum
1144 2611 1247 2675 neque
1267 2588 1327 2654 siu·

211 2690 286 2775 gule
307 2690 409 2776 operis
430 2688 529 2777 capita
550 2699 696 2776 excerpta
726 2700 778 2753 unt
799 2690 832 2753 in
853 2689 1030 2754 breviorem
1050 2688 1182 2752 formam
1203 2687 1343 2753 redacta.

211 2799 291 2855 sunt.
331 2788 374 2854 Id
400 2811 495 2853 unum
524 2789 609 2874 quod
631 2811 661 2875 p.
686 2790 734 2868 14,
756 2788 799 2853 26
819 2786 890 2870 φησὶ
910 2787 1081 2854 Herodiani
1110 2787 1211 2855 verbis
1232 2790 1328 2854 inser-

211 2898 276 2954 tum
297 2890 480 2969 invenimus,
501 2888 631 2953 sortasse
653 2886 763 2974 aliquis
785 2885 824 2950 ad
845 2887 939 2952 talem
958 2886 1151 2970 grammatici
1170 2888 1329 2953 cuiusdam

138 3046 140 3052 ,
212 3009 339 3075 operum
361 2989 491 3068 referet,
525 2987 669 3074 equidem
691 2986 823 3052 Lehrsio
850 2986 952 3072 potius
976 2986 1140 3066 assentior,
1174 2988 1227 3073 qni
1249 2988 1329 3052 hene

211 3111 279 3153 rem
302 3110 320 3152 e
341 3088 548 3173 posteriorum
577 3096 754 3173 temporum
783 3084 1006 3152 consuetudine
1035 3085 1194 3171 explicare
1218 3086 1328 3151 studet.

211 3187 270 3252 Est
302 3196 408 3251 tamen
436 3185 523 3251 locus
553 3186 625 3250 sutis
662 3186 887 3267 memorabilis3
921 3209 991 3251 cum
1020 3184 1101 3252 enirn
1130 3187 1252 3273 saepius
1283 3188 1331 3269 (ut

212 3285 334 3354 Lehrsii
355 3286 457 3350 verbis
475 3289 557 3371 utor)
579 3286 787 3372 grammatioi,
810 3286 862 3351 ubi
885 3286 1018 3376 uliquem
1040 3287 1229 3367 exscribunt,
1251 3285 1329 3372 illud

212 3392 283 3471 φησί
304 3386 553 3472 interposuerint,
575 3386 628 3449 vix
651 3386 765 3451 multos
789 3387 875 3451 locos
897 3406 965 3451 esse
986 3385 1128 3466 arbitror,
1159 3388 1271 3472 quibus
1292 3386 1328 3450 li-

213 3487 288 3554 barii
309 3488 342 3552 in
363 3486 567 3553 describendo
586 3495 651 3551 tuto
677 3485 814 3572 quodam
834 3503 930 3571 opere
950 3484 1063 3550 versati
1092 3484 1174 3549 idem
1194 3486 1329 3551 vocabu·

211 3590 277 3654 lum
310 3586 486 3652 addiderint
499 3593 541 3659 ²).
584 3585 750 3651 Praeterea
782 3607 838 3672 pro
860 3583 1052 3670 Byzantinae
1080 3586 1190 3650 aetatis
1217 3583 1330 3650 indicio

211 3685 491 3754 fortassehabendu
504 3686 634 3753 estmim
644 3685 698 3750 illa
710 3683 857 3771 pudicitia
865 3706 944 3769 quse
952 3692 1080 3770 apparet
1086 3703 1117 3770 p.
1130 3683 1330 3766 14,13,³).-

214 3866 518 3876 W*—

274 3969 291 4039 ¹)
311 3971 352 4021 De
370 3969 447 4021 huius
464 3969 534 4020 voeis
551 3966 739 4034 significatione
757 3984 782 4019 r.
804 3964 885 4018 [aehrs
903 3964 968 4019 Her.
986 3982 1012 4031 p.
1032 3966 1093 4016 ³21.

271 4090 482 4158 qsmneiderus
501 4086 562 4158 φημί
578 4086 743 4139 scribendum
762 4101 818 4136 esse
838 4083 991 4151 suspicetur,
1007 4084 1062 4149 jen.
1079 4084 1133 4136 LZ.
1153 4084 1167 4133 7
1186 4100 1211 4148 p.
1231 4085 1293 4136 611.

270 4209 292 4278 δ’)
310 4211 409 4261 Eodem
426 4209 502 4258 mode
529 4208 609 4257 verbu
636 4206 803 4256 Herodieneu
834 4206 949 4254 mutasse
978 4203 1081 4253 videtur
1116 4201 1327 4271 Choeroboseus,

262 4317 266 4324 ·
313 4296 371 4348 loeo
387 4313 403 4347 a
421 4294 531 4346 Lehrsio
549 4293 638 4355 allato,
658 4308 685 4358 p.
704 4292 765 4344 δδὶ,
