3009 4709
744 334 790 410 32

694 425 845 439 vauvuvuu

211 586 270 649 quo
291 589 347 652 per
366 572 440 648 quot
462 582 570 627 manus
590 561 664 627 inde
686 559 822 642 fluxerit,
844 560 877 625 iu
898 561 1015 627 incerto
1036 560 1126 627 nobis
1147 557 1323 642 relinquen·

211 662 284 726 dum
306 672 362 726 cst.

272 761 374 848 Caput
392 763 458 845 napi
478 764 529 846 τῆς
551 768 607 826 τῶν
629 760 722 825 τόνων
746 762 930 844 (accuratius
951 761 1067 825 dictum
1081 770 1160 826 esset
1173 765 1229 823 τῶν
1244 782 1324 842 προ-

211 862 325 948 οῳδνων
349 861 398 924 καὶ
420 855 555 944 tarpei)
576 858 734 944 εὑρέσεως,
768 862 852 944 quod
873 869 906 924 iu
929 861 1036 928 codiee
1057 859 1222 926 Parisiensi
1242 859 1324 923 2102

210 964 289 1027 inter
310 972 341 1027 et
362 961 456 1024 XIX.
479 972 510 1025 et
530 961 606 1026 XX.
628 961 740 1026 librum
763 971 871 1043 exstat,
893 960 967 1044 quin
981 985 1000 1025 a
1015 959 1178 1026 Catholica
1191 959 1325 1024 alienum

170 1078 175 1089 ·
210 1063 258 1142 sit,
281 1060 415 1126 dubitari
435 1084 506 1126 meo
527 1062 639 1127 iudicio
662 1064 776 1143 nequit.
810 1061 1025 1126 Herodianum
1047 1061 1086 1127 de
1102 1060 1212 1127 talibus
1233 1062 1325 1127 rebus

211 1171 449 1227 commentatum
471 1164 562 1227 fuisse
584 1185 624 1227 ex
645 1171 708 1226 tota
731 1164 795 1227 eius
819 1159 1112 1228 scribendi-rationo
1126 1184 1236 1249 parum
1258 1160 1326 1226 vari

209 1262 308 1328 simile
330 1282 397 1327 esse
418 1260 557 1342 videtur3
577 1263 602 1327 si
623 1273 726 1326 autem
746 1261 826 1326 illud
846 1260 925 1340 fecit,
949 1262 1109 1327 meliorem
1124 1271 1208 1326 certe
1223 1261 1326 1326 locum

210 1362 267 1428 sibi
298 1360 392 1447 elegit
418 1382 517 1444 neque
544 1372 609 1426 tum
637 1385 707 1426 cum
735 1363 775 1426 ab
802 1385 865 1426 uno
901 1361 1114 1447 prosodiarum
1141 1383 1257 1445 genere
1285 1359 1324 1423 ad

211 1462 345 1526 alterum
378 1460 496 1524 transiit
524 1461 562 1525 de
602 1463 738 1526 omnium
782 1462 996 1548 prosodiarum
1032 1461 1208 1527 inventione
1243 1461 1325 1545 egit:

209 1563 311 1649 potuit
340 1560 372 1623 in
394 1560 593 1646 praefatione,
628 1572 797 1643 antequam
824 1563 962 1647 priorum
993 1561 1032 1625 de
1061 1560 1212 1647 prosodiis
1243 1584 1325 1625 oom-

210 1658 378 1725 mentarios
399 1661 553 1724 recensuit
575 1660 660 1742 (Arc.
686 1684 715 1747 p.
738 1663 783 1743 2),
805 1660 902 1726 multo
928 1663 1027 1746 aptius
1047 1662 1123 1725 illud
1156 1683 1325 1746 exponere.

210 1759 248 1822 ld
270 1777 393 1841 quoque
414 1758 613 1844 suspitionem
634 1759 788 1841 quandam
812 1770 925 1840 movet,
954 1760 1037 1840 quod
1065 1771 1229 1827 tractatum
1259 1764 1326 1844 περὶ

210 1862 262 1942 τῆς
283 1861 341 1922 τῶν
363 1857 457 1920 τόνων
480 1856 627 1940 εὑρέσεως
655 1860 794 1941 sequitur
825 1871 917 1946 caput
947 1858 1024 1924 illud
1045 1861 1112 1943 περὶ
1139 1860 1325 1944 προοώδιῶν,

211 1959 295 2044 puius
317 1958 470 2044 originem
490 1983 555 2025 non
577 1957 808 2024 Herodianeam
828 1983 898 2025 esse
919 1973 1051 2042 constat3
1084 1980 1186 2042 neque
1206 1970 1325 2025 tantum

212 2059 244 2121 in
264 2057 393 2132 Arcadii
414 2057 520 2122 codiee
547 2057 713 2123 Parisiensi
740 2059 822 2123 2102
854 2059 887 2124 id
913 2060 1027 2125 factum
1054 2072 1108 2141 est,
1137 2061 1191 2125 sed
1216 2059 1324 2125 eadem

212 2161 290 2224 haec
311 2158 371 2223 duo
396 2160 497 2245 capita
517 2157 682 2223 coniuncta
705 2170 856 2244 apparent
878 2159 1028 2226 incodioe
1047 2160 1212 2224 Parisiensi
1234 2160 1323 2239 2603,

212 2259 263 2341 qui
285 2281 348 2322 non
370 2257 550 2324 Catholicae
571 2259 748 2344 epitomem,
770 2259 825 2323 sed
847 2259 1195 2341 Theodosianamquae
1214 2259 1322 2325 dicitur

212 2358 443 2443 grammaticam
467 2359 610 2423 continet.
653 2358 767 2443 Longe
789 2367 893 2424 antem
920 2360 1135 2443 gravissimum
1164 2381 1324 2444 argrunen·

212 2471 278 2523 tum
306 2460 339 2523 in
367 2459 439 2543 ipsis
465 2460 557 2523 rebus
585 2458 702 2539 nititur,
736 2477 816 2540 qnae
847 2460 1068 2526 commentario
1095 2459 1162 2542 napi
1189 2462 1242 2543 τῆς
1269 2465 1324 2522 τῶν

211 2558 305 2623 τόνων
335 2556 482 2640 εὑρέσεως
509 2559 726 2642 proferentum
759 2559 792 2621 in
821 2560 931 2640 quibus
962 2559 1061 2623 multa
1085 2582 1152 2625 csse
1181 2583 1327 2645 perversa

212 2671 302 2743 atque
323 2656 513 2723 incredibilia
545 2656 603 2719 viri
622 2657 704 2724 docti
734 2659 976 2742 consentiunt¹).
1018 2657 1115 2723 Plura
1146 2659 1185 2724 de
1212 2660 1272 2723 hac
1291 2679 1326 2723 ro

213 2762 317 2841 (quam
338 2783 356 2822 a
375 2758 484 2823 ceteris
503 2757 563 2822 hac
584 2756 789 2844 disputatione
810 2760 946 2824 tractatis
966 2759 1061 2844 longe
1083 2760 1235 2823 diversam
1260 2781 1328 2824 esso

213 2860 324 2942 elucet)
346 2882 408 2923 non
432 2858 514 2939 dico;
539 2880 612 2921 nam
631 2855 729 2922 libero
749 2858 909 2943 profiteor,
931 2882 982 2925 mc
1000 2861 1150 2924 nonsatis
1170 2867 1328 2922 versatum

213 2984 280 3027 csse
309 2960 340 3022 in
362 2980 398 3025 eo
430 2955 599 3022 studiorum
629 2979 756 3041 genere,
790 2977 851 3040 quo
875 2981 952 3043 opus
981 2959 1087 3025 estad
1115 2956 1326 3041 quaestionem

213 3061 253 3127 de
275 3061 435 3145 signorum
454 3056 705 3143 prosodiacorum
732 3058 911 3124 inventione
931 3070 1073 3125 accurate
1100 3057 1325 3143 diligenterque

212 3159 441 3230 instituendam.

273 3260 419 3340 Denique
441 3280 501 3322 uno
522 3268 642 3323 tantum
661 3259 756 3326 verbo
778 3282 987 3327 commemoro
1015 3280 1060 3341 ea,
1092 3277 1173 3340 quae
1193 3258 1227 3321 in
1247 3255 1325 3321 libro

213 3358 324 3426 XVII.
357 3358 437 3450 inter
465 3359 700 3424 commentarios
727 3359 766 3423 de
786 3361 888 3425 verbis
916 3359 1091 3446 compositis
1118 3358 1209 3423 etde
1236 3357 1327 3444 parti·

214 3459 289 3524 culis
315 3459 438 3523 invecta
466 3469 538 3522 sunt
565 3459 606 3545 (p.
631 3461 690 3526 199
718 3460 789 3543 sq.).
832 3460 974 3539 Quorum
1008 3459 1092 3545 prior
1131 3480 1203 3543 pars
1241 3458 1328 3541 leges

214 3558 363 3641 quasdam
384 3558 423 3624 de
444 3557 617 3625 accentibus
640 3559 777 3625 continet
798 3559 848 3626 vel
869 3560 971 3646 pueris
992 3569 1081 3625 notas
1095 3569 1187 3640 atque
1208 3557 1329 3621 abhoc

214 3661 282 3725 loco
305 3659 518 3741 alienissimas3
555 3659 652 3725 altera
672 3670 855 3746 repetuntur
889 3681 968 3744 quae
989 3660 1049 3723 iam
1072 3668 1164 3724 antea
1185 3654 1327 3743 exposita

215 3770 296 3824 sunt.
1410 3825 1413 3829 Δ

275 3859 344 3933 lam
366 3859 462 3946 igitur
484 3858 654 3946 disputatis,
683 3860 824 3943 quaeda
853 3860 1032 3927 Catholicae
1062 3861 1196 3947 epitoma
1227 3857 1329 3942 dispu-

214 3957 308 4023 tanda
330 3955 443 4039 censui,
464 3958 593 4026 fortasse
614 3960 698 4025 haud
719 3960 950 4026 incommodum
972 3984 1039 4028 csso
1059 3961 1191 4041 videtur,
1212 3959 1237 4021 si
1259 3978 1328 4022 sen-

216 4099 521 4117 Μ...-

278 4172 297 4240 ¹)
316 4173 349 4222 V.
370 4171 463 4220 Nauck
488 4172 565 4223 Arist
590 4172 655 4237 Byz.
680 4189 706 4238 p.
728 4175 756 4221 ll
782 4188 821 4237 sq.
858 4173 889 4227 Α,
913 4173 1031 4224 Schmidt
1054 4173 1135 4225 Beitr.
1160 4189 1184 4239 p.
1202 4173 1252 4223 596
1270 4186 1328 4236 sqq.

317 4259 353 4312 M.
373 4257 491 4310 Schmidt
506 4258 541 4308 ad
559 4259 617 4308 Aro.
636 4276 663 4324 p.
683 4261 741 4321 211,
763 4261 788 4312 7.
