<?xml version="1.0" encoding="UTF-8"?>
<!DOCTYPE html PUBLIC "-//W3C//DTD XHTML 1.0 Transitional//EN"
    "http://www.w3.org/TR/xhtml1/DTD/xhtml1-transitional.dtd">
<html xmlns="http://www.w3.org/1999/xhtml" xml:lang="en" lang="en">
 <head>
  <title>
</title>
<meta http-equiv="Content-Type" content="text/html;charset=utf-8" />
  <meta name='ocr-system' content='tesseract 3.04.00' />
  <meta name='ocr-capabilities' content='ocr_page ocr_carea ocr_par ocr_line ocrx_word'/>
</head>
<body>
  <div class='ocr_page' id='page_1' title='image "./quaestioneshero00hillgoog_0017.png"; bbox 0 0 3009 4709; ppageno 0'>
   <div class='ocr_carea' id='block_1_1' title="bbox 675 450 824 463">
    <p class='ocr_par' dir='ltr' id='par_1_1' title="bbox 675 450 824 463">
     <span class='ocr_line' id='line_1_1' title="bbox 675 450 824 463; baseline 0 0"><span class='ocrx_word' id='word_1_1' title='bbox 675 450 761 463; x_wconf 50' lang='lat' dir='ltr'><strong>aava»</strong></span> <span class='ocrx_word' id='word_1_2' title='bbox 775 451 824 460; x_wconf 53' lang='lat' dir='ltr'><strong>»ma</strong></span> 
     </span>
    </p>
   </div>
   <div class='ocr_carea' id='block_1_2' title="bbox 193 577 1367 1365">
    <p class='ocr_par' dir='ltr' id='par_1_2' title="bbox 193 577 1367 1365">
     <span class='ocr_line' id='line_1_2' title="bbox 193 577 1310 667; baseline -0.005 -18"><span class='ocrx_word' id='word_1_3' title='bbox 193 584 250 667; x_wconf 68' lang='grc' dir='ltr'><strong>γὰρ</strong></span> <span class='ocrx_word' id='word_1_4' title='bbox 272 584 377 667; x_wconf 75' lang='grc' dir='ltr'>μεταξὺ</span> <span class='ocrx_word' id='word_1_5' title='bbox 398 580 523 647; x_wconf 73' lang='grc' dir='ltr'><strong>τέθειται</strong></span> <span class='ocrx_word' id='word_1_6' title='bbox 546 579 637 666; x_wconf 61' lang='grc' dir='ltr'><strong>ἦἡμὲν</strong></span> <span class='ocrx_word' id='word_1_7' title='bbox 660 579 700 644; x_wconf 78' lang='grc' dir='ltr'><strong>ἐνὶ</strong></span> <span class='ocrx_word' id='word_1_8' title='bbox 715 581 813 662; x_wconf 67' lang='grc' dir='ltr'>κλισίῃ</span> <span class='ocrx_word' id='word_1_9' title='bbox 833 580 1058 664; x_wconf 67' lang='grc' dir='ltr'>Ἀγαμέμνονος</span> <span class='ocrx_word' id='word_1_10' title='bbox 1079 577 1234 663; x_wconf 70' lang='grc' dir='ltr'><strong>Ἀτρείδαο</strong></span> <span class='ocrx_word' id='word_1_11' title='bbox 1254 577 1310 664; x_wconf 70' lang='grc' dir='ltr'><strong>ἠδὲ</strong></span> 
     </span>
     <span class='ocr_line' id='line_1_3' title="bbox 194 678 1367 767; baseline -0.007 -18"><span class='ocrx_word' id='word_1_12' title='bbox 194 687 242 749; x_wconf 80' lang='grc' dir='ltr'><strong>καὶ</strong></span> <span class='ocrx_word' id='word_1_13' title='bbox 263 681 371 748; x_wconf 73' lang='grc' dir='ltr'>ἐνθάδε</span> <span class='ocrx_word' id='word_1_14' title='bbox 391 687 470 749; x_wconf 55' lang='lat' dir='ltr'><strong>aar.</strong></span> <span class='ocrx_word' id='word_1_15' title='bbox 485 680 589 754; x_wconf 75' lang='grc' dir='ltr'><strong>ὀὕτως</strong></span> <span class='ocrx_word' id='word_1_16' title='bbox 607 679 802 762; x_wconf 80' lang='grc' dir='ltr'>Ἡρωδιανὸς.</span> <span class='ocrx_word' id='word_1_17' title='bbox 836 680 962 745; x_wconf 84' lang='lat' dir='ltr'><strong>Initium</strong></span> <span class='ocrx_word' id='word_1_18' title='bbox 983 680 1189 746; x_wconf 76' lang='lat' dir='ltr'><strong>adnotationis</strong></span> <span class='ocrx_word' id='word_1_19' title='bbox 1210 679 1309 767; x_wconf 90' lang='lat' dir='ltr'><strong>periit.</strong></span> <span class='ocrx_word' id='word_1_20' title='bbox 1365 678 1367 681; x_wconf 44' lang='lat'><em>⁴</em></span> 
     </span>
     <span class='ocr_line' id='line_1_4' title="bbox 193 775 1309 867; baseline -0.005 -19"><span class='ocrx_word' id='word_1_21' title='bbox 193 783 393 849; x_wconf 89' lang='lat' dir='ltr'><strong>Herodianus</strong></span> <span class='ocrx_word' id='word_1_22' title='bbox 415 783 506 863; x_wconf 87' lang='lat' dir='ltr'><strong>enim,</strong></span> <span class='ocrx_word' id='word_1_23' title='bbox 528 792 562 845; x_wconf 91' lang='lat' dir='ltr'><strong>ut</strong></span> <span class='ocrx_word' id='word_1_24' title='bbox 583 781 658 846; x_wconf 90' lang='lat' dir='ltr'><strong>mihi</strong></span> <span class='ocrx_word' id='word_1_25' title='bbox 681 781 807 867; x_wconf 90' lang='lat' dir='ltr'><strong>quidem</strong></span> <span class='ocrx_word' id='word_1_26' title='bbox 827 803 1009 866; x_wconf 88' lang='lat' dir='ltr'><strong>persuasum</strong></span> <span class='ocrx_word' id='word_1_27' title='bbox 1030 789 1085 861; x_wconf 89' lang='lat' dir='ltr'><strong>est,</strong></span> <span class='ocrx_word' id='word_1_28' title='bbox 1108 775 1309 865; x_wconf 62' lang='lat' dir='ltr'><strong>eosquiippau</strong></span> 
     </span>
     <span class='ocr_line' id='line_1_5' title="bbox 193 877 1311 967; baseline -0.002 -20"><span class='ocrx_word' id='word_1_29' title='bbox 193 885 328 949; x_wconf 86' lang='lat' dir='ltr'><strong>scribere</strong></span> <span class='ocrx_word' id='word_1_30' title='bbox 348 885 515 949; x_wconf 79' lang='lat' dir='ltr'><strong>voluerunt</strong></span> <span class='ocrx_word' id='word_1_31' title='bbox 535 881 681 947; x_wconf 83' lang='lat' dir='ltr'><strong>refutavit</strong></span> <span class='ocrx_word' id='word_1_32' title='bbox 713 882 757 964; x_wconf 80' lang='lat' dir='ltr'><strong>(v.</strong></span> <span class='ocrx_word' id='word_1_33' title='bbox 781 879 920 946; x_wconf 85' lang='lat' dir='ltr'><strong>Ariston.</strong></span> <span class='ocrx_word' id='word_1_34' title='bbox 951 880 990 944; x_wconf 90' lang='lat' dir='ltr'><strong>ad</strong></span> <span class='ocrx_word' id='word_1_35' title='bbox 1012 881 1043 945; x_wconf 89' lang='lat' dir='ltr'><strong>h.</strong></span> <span class='ocrx_word' id='word_1_36' title='bbox 1064 880 1111 963; x_wconf 82' lang='grc'>1.),</span> <span class='ocrx_word' id='word_1_37' title='bbox 1134 877 1219 962; x_wconf 77' lang='grc' dir='ltr'>ἐσμέν</span> <span class='ocrx_word' id='word_1_38' title='bbox 1241 903 1311 967; x_wconf 90' lang='lat' dir='ltr'><strong>sup·</strong></span> 
     </span>
     <span class='ocr_line' id='line_1_6' title="bbox 194 977 1273 1070; baseline -0.005 -22"><span class='ocrx_word' id='word_1_39' title='bbox 194 984 344 1070; x_wconf 84' lang='lat' dir='ltr'><strong>plandum</strong></span> <span class='ocrx_word' id='word_1_40' title='bbox 366 1006 433 1048; x_wconf 88' lang='lat' dir='ltr'><strong>csse</strong></span> <span class='ocrx_word' id='word_1_41' title='bbox 455 982 576 1062; x_wconf 78' lang='lat' dir='ltr'><strong>docuit,</strong></span> <span class='ocrx_word' id='word_1_42' title='bbox 604 981 738 1066; x_wconf 83' lang='lat' dir='ltr'><strong>denique</strong></span> <span class='ocrx_word' id='word_1_43' title='bbox 768 979 886 1043; x_wconf 76' lang='lat' dir='ltr'><strong>addidit</strong></span> <span class='ocrx_word' id='word_1_44' title='bbox 907 978 940 1043; x_wconf 76' lang='lat' dir='ltr'><strong>ab</strong></span> <span class='ocrx_word' id='word_1_45' title='bbox 963 981 1031 1064; x_wconf 76' lang='grc' dir='ltr'><strong>ἑξῆς</strong></span> <span class='ocrx_word' id='word_1_46' title='bbox 1051 977 1108 1063; x_wconf 74' lang='grc' dir='ltr'><strong>γάρ</strong></span> <span class='ocrx_word' id='word_1_47' title='bbox 1132 977 1190 1042; x_wconf 78' lang='grc' dir='ltr'>ἐστι</span> <span class='ocrx_word' id='word_1_48' title='bbox 1211 982 1273 1043; x_wconf 74' lang='grc' dir='ltr'><strong>κτλ.</strong></span> 
     </span>
     <span class='ocr_line' id='line_1_7' title="bbox 255 1078 1309 1168; baseline -0.002 -21"><span class='ocrx_word' id='word_1_49' title='bbox 255 1083 352 1147; x_wconf 90' lang='lat' dir='ltr'><strong>Porro</strong></span> <span class='ocrx_word' id='word_1_50' title='bbox 377 1106 456 1168; x_wconf 88' lang='lat' dir='ltr'><strong>quae</strong></span> <span class='ocrx_word' id='word_1_51' title='bbox 469 1082 508 1145; x_wconf 88' lang='lat' dir='ltr'><strong>ad</strong></span> <span class='ocrx_word' id='word_1_52' title='bbox 530 1082 557 1143; x_wconf 82' lang='lat' dir='ltr'>A</span> <span class='ocrx_word' id='word_1_53' title='bbox 579 1081 636 1145; x_wconf 74' lang='lat'><strong>128</strong></span> <span class='ocrx_word' id='word_1_54' title='bbox 649 1081 687 1146; x_wconf 90' lang='lat' dir='ltr'><strong>do</strong></span> <span class='ocrx_word' id='word_1_55' title='bbox 702 1082 785 1164; x_wconf 71' lang='grc' dir='ltr'>δῷσι,</span> <span class='ocrx_word' id='word_1_56' title='bbox 809 1079 849 1143; x_wconf 88' lang='lat' dir='ltr'><strong>ad</strong></span> <span class='ocrx_word' id='word_1_57' title='bbox 870 1081 893 1143; x_wconf 79' lang='lat' dir='ltr'><strong>a</strong></span> <span class='ocrx_word' id='word_1_58' title='bbox 907 1079 926 1143; x_wconf 92' lang='lat'><strong>3</strong></span> <span class='ocrx_word' id='word_1_59' title='bbox 943 1080 982 1144; x_wconf 91' lang='lat' dir='ltr'><strong>de</strong></span> <span class='ocrx_word' id='word_1_60' title='bbox 1005 1078 1157 1165; x_wconf 79' lang='grc' dir='ltr'>ἐῳνοχόει,</span> <span class='ocrx_word' id='word_1_61' title='bbox 1172 1079 1211 1143; x_wconf 92' lang='lat' dir='ltr'><strong>ad</strong></span> <span class='ocrx_word' id='word_1_62' title='bbox 1226 1079 1309 1146; x_wconf 84' lang='lat'>1605</span> 
     </span>
     <span class='ocr_line' id='line_1_8' title="bbox 195 1178 1311 1270; baseline -0.001 -26"><span class='ocrx_word' id='word_1_63' title='bbox 195 1182 235 1247; x_wconf 87' lang='lat' dir='ltr'><strong>dc</strong></span> <span class='ocrx_word' id='word_1_64' title='bbox 254 1188 336 1265; x_wconf 73' lang='grc' dir='ltr'>τιμῆς</span> <span class='ocrx_word' id='word_1_65' title='bbox 368 1182 476 1246; x_wconf 87' lang='lat' dir='ltr'><strong>formis</strong></span> <span class='ocrx_word' id='word_1_66' title='bbox 504 1181 663 1261; x_wconf 78' lang='lat' dir='ltr'><strong>docentur,</strong></span> <span class='ocrx_word' id='word_1_67' title='bbox 697 1183 736 1244; x_wconf 77' lang='lat' dir='ltr'><strong>&#39;ex</strong></span> <span class='ocrx_word' id='word_1_68' title='bbox 765 1178 832 1242; x_wconf 91' lang='lat' dir='ltr'><strong>aliis</strong></span> <span class='ocrx_word' id='word_1_69' title='bbox 864 1178 1034 1270; x_wconf 81' lang='lat' dir='ltr'><strong>Herodiani</strong></span> <span class='ocrx_word' id='word_1_70' title='bbox 1062 1178 1193 1265; x_wconf 86' lang='lat' dir='ltr'><strong>scriptis,</strong></span> <span class='ocrx_word' id='word_1_71' title='bbox 1222 1179 1311 1245; x_wconf 86' lang='lat' dir='ltr'><strong>verbi</strong></span> 
     </span>
     <span class='ocr_line' id='line_1_9' title="bbox 195 1279 1310 1365; baseline 0.002 -21"><span class='ocrx_word' id='word_1_72' title='bbox 195 1282 324 1346; x_wconf 78' lang='lat' dir='ltr'><strong>causa&#39;e</strong></span> <span class='ocrx_word' id='word_1_73' title='bbox 345 1279 507 1346; x_wconf 86' lang='lat' dir='ltr'><strong>Catholica</strong></span> <span class='ocrx_word' id='word_1_74' title='bbox 536 1291 684 1364; x_wconf 79' lang='lat' dir='ltr'><strong>excerpta</strong></span> <span class='ocrx_word' id='word_1_75' title='bbox 713 1303 781 1344; x_wconf 88' lang='lat' dir='ltr'><strong>esse</strong></span> <span class='ocrx_word' id='word_1_76' title='bbox 809 1289 950 1363; x_wconf 78' lang='lat' dir='ltr'><strong>possuut3</strong></span> <span class='ocrx_word' id='word_1_77' title='bbox 984 1281 1191 1365; x_wconf 85' lang='lat' dir='ltr'><strong>nequeenim</strong></span> <span class='ocrx_word' id='word_1_78' title='bbox 1213 1279 1310 1346; x_wconf 89' lang='lat' dir='ltr'><strong>solam</strong></span> 
     </span>
    </p>
   </div>
   <div class='ocr_carea' id='block_1_3' title="bbox 6 1374 1305 1465">
    <p class='ocr_par' dir='ltr' id='par_1_3' title="bbox 6 1374 1305 1465">
     <span class='ocr_line' id='line_1_10' title="bbox 6 1374 1305 1465; baseline -0.002 -20"><span class='ocrx_word' id='word_1_79' title='bbox 6 1387 9 1396; x_wconf 87' lang='lat'>&#39;</span> <span class='ocrx_word' id='word_1_80' title='bbox 115 1374 123 1387; x_wconf 74' lang='grc'><strong><em>’</em></strong></span> <span class='ocrx_word' id='word_1_81' title='bbox 194 1381 376 1445; x_wconf 89' lang='lat' dir='ltr'><strong>Prosodiam</strong></span> <span class='ocrx_word' id='word_1_82' title='bbox 403 1379 531 1445; x_wconf 78' lang='lat' dir='ltr'><strong>Iliacam</strong></span> <span class='ocrx_word' id='word_1_83' title='bbox 557 1380 589 1442; x_wconf 92' lang='lat' dir='ltr'><strong>in</strong></span> <span class='ocrx_word' id='word_1_84' title='bbox 611 1380 732 1445; x_wconf 83' lang='lat' dir='ltr'><strong>scholiis</strong></span> <span class='ocrx_word' id='word_1_85' title='bbox 761 1379 930 1443; x_wconf 79' lang='lat' dir='ltr'><strong>adhibitam</strong></span> <span class='ocrx_word' id='word_1_86' title='bbox 962 1399 1030 1445; x_wconf 87' lang='lat' dir='ltr'><strong>esse</strong></span> <span class='ocrx_word' id='word_1_87' title='bbox 1055 1402 1146 1444; x_wconf 89' lang='lat' dir='ltr'><strong>nemo</strong></span> <span class='ocrx_word' id='word_1_88' title='bbox 1169 1379 1305 1465; x_wconf 83' lang='lat' dir='ltr'><strong>ignorat.</strong></span> 
     </span>
    </p>
   </div>
   <div class='ocr_carea' id='block_1_4' title="bbox 196 1478 1312 2060">
    <p class='ocr_par' dir='ltr' id='par_1_4' title="bbox 196 1478 1312 2060">
     <span class='ocr_line' id='line_1_11' title="bbox 196 1478 1311 1566; baseline 0 -22"><span class='ocrx_word' id='word_1_89' title='bbox 196 1480 351 1565; x_wconf 88' lang='lat' dir='ltr'><strong>Talesque</strong></span> <span class='ocrx_word' id='word_1_90' title='bbox 372 1480 431 1545; x_wconf 92' lang='lat' dir='ltr'><strong>loci</strong></span> <span class='ocrx_word' id='word_1_91' title='bbox 447 1481 627 1564; x_wconf 82' lang='lat' dir='ltr'><strong>fragmentis</strong></span> <span class='ocrx_word' id='word_1_92' title='bbox 641 1479 812 1547; x_wconf 89' lang='lat' dir='ltr'><strong>Prosodiae</strong></span> <span class='ocrx_word' id='word_1_93' title='bbox 827 1479 941 1543; x_wconf 86' lang='lat' dir='ltr'><strong>Iliacae</strong></span> <span class='ocrx_word' id='word_1_94' title='bbox 960 1502 1052 1566; x_wconf 82' lang='lat' dir='ltr'><strong>saepe</strong></span> <span class='ocrx_word' id='word_1_95' title='bbox 1070 1478 1214 1543; x_wconf 86' lang='lat' dir='ltr'><strong>simillimi</strong></span> <span class='ocrx_word' id='word_1_96' title='bbox 1226 1489 1311 1559; x_wconf 81' lang='lat' dir='ltr'><strong>suut3</strong></span> 
     </span>
     <span class='ocr_line' id='line_1_12' title="bbox 196 1563 1311 1658; baseline 0.001 -16"><span class='ocrx_word' id='word_1_97' title='bbox 196 1580 290 1645; x_wconf 81' lang='lat' dir='ltr'><strong>veluti</strong></span> <span class='ocrx_word' id='word_1_98' title='bbox 312 1563 528 1644; x_wconf 81' lang='lat' dir='ltr'><strong>adnotationes</strong></span> <span class='ocrx_word' id='word_1_99' title='bbox 547 1579 588 1643; x_wconf 90' lang='lat' dir='ltr'><strong>ad</strong></span> <span class='ocrx_word' id='word_1_100' title='bbox 609 1581 634 1643; x_wconf 92' lang='lat' dir='ltr'><strong>ll</strong></span> <span class='ocrx_word' id='word_1_101' title='bbox 657 1580 716 1645; x_wconf 71' lang='lat'><strong>697</strong></span> <span class='ocrx_word' id='word_1_102' title='bbox 740 1589 771 1644; x_wconf 94' lang='lat' dir='ltr'><strong>et</strong></span> <span class='ocrx_word' id='word_1_103' title='bbox 792 1579 833 1643; x_wconf 89' lang='lat' dir='ltr'><strong>ad</strong></span> <span class='ocrx_word' id='word_1_104' title='bbox 854 1580 1008 1644; x_wconf 75' lang='lat' dir='ltr'><strong>c&gt;232ad</strong></span> <span class='ocrx_word' id='word_1_105' title='bbox 1023 1578 1225 1658; x_wconf 70' lang='lat' dir='ltr'><strong>Catholicam</strong></span> <span class='ocrx_word' id='word_1_106' title='bbox 1247 1602 1311 1644; x_wconf 89' lang='lat' dir='ltr'><strong>nou</strong></span> 
     </span>
     <span class='ocr_line' id='line_1_13' title="bbox 196 1678 1310 1766; baseline -0.002 -21"><span class='ocrx_word' id='word_1_107' title='bbox 196 1681 238 1745; x_wconf 92' lang='lat' dir='ltr'><strong>ad</strong></span> <span class='ocrx_word' id='word_1_108' title='bbox 251 1680 450 1745; x_wconf 77' lang='lat' dir='ltr'><strong>Homericam</strong></span> <span class='ocrx_word' id='word_1_109' title='bbox 471 1679 653 1744; x_wconf 90' lang='lat' dir='ltr'><strong>Prosodiam</strong></span> <span class='ocrx_word' id='word_1_110' title='bbox 673 1678 828 1766; x_wconf 89' lang='lat' dir='ltr'><strong>pertinere</strong></span> <span class='ocrx_word' id='word_1_111' title='bbox 844 1678 911 1764; x_wconf 87' lang='lat' dir='ltr'><strong>quis</strong></span> <span class='ocrx_word' id='word_1_112' title='bbox 927 1678 1080 1744; x_wconf 86' lang='lat' dir='ltr'><strong>divinaret</strong></span> <span class='ocrx_word' id='word_1_113' title='bbox 1100 1679 1158 1744; x_wconf 91' lang='lat' dir='ltr'><strong>nisi</strong></span> <span class='ocrx_word' id='word_1_114' title='bbox 1174 1679 1310 1744; x_wconf 90' lang='lat' dir='ltr'><strong>additum</strong></span> 
     </span>
     <span class='ocr_line' id='line_1_14' title="bbox 198 1777 1312 1864; baseline -0.002 -19"><span class='ocrx_word' id='word_1_115' title='bbox 198 1777 300 1845; x_wconf 79' lang='lat' dir='ltr'><strong>esset?</strong></span> <span class='ocrx_word' id='word_1_116' title='bbox 322 1780 430 1844; x_wconf 86' lang='lat' dir='ltr'><strong>Restat</strong></span> <span class='ocrx_word' id='word_1_117' title='bbox 451 1778 590 1843; x_wconf 89' lang='lat' dir='ltr'><strong>scholion</strong></span> <span class='ocrx_word' id='word_1_118' title='bbox 612 1780 652 1844; x_wconf 90' lang='lat' dir='ltr'><strong>ad</strong></span> <span class='ocrx_word' id='word_1_119' title='bbox 672 1782 696 1843; x_wconf 91' lang='lat' dir='ltr'>E</span> <span class='ocrx_word' id='word_1_120' title='bbox 719 1781 789 1860; x_wconf 76' lang='lat'><strong>297,</strong></span> <span class='ocrx_word' id='word_1_121' title='bbox 818 1779 900 1864; x_wconf 91' lang='lat' dir='ltr'><strong>quod</strong></span> <span class='ocrx_word' id='word_1_122' title='bbox 933 1801 1004 1842; x_wconf 91' lang='lat' dir='ltr'><strong>cum</strong></span> <span class='ocrx_word' id='word_1_123' title='bbox 1025 1788 1121 1843; x_wconf 91' lang='lat' dir='ltr'><strong>totum</strong></span> <span class='ocrx_word' id='word_1_124' title='bbox 1151 1779 1190 1842; x_wconf 89' lang='lat' dir='ltr'><strong>ad</strong></span> <span class='ocrx_word' id='word_1_125' title='bbox 1213 1779 1312 1863; x_wconf 31' lang='lat' dir='ltr'><strong>,iuter-</strong></span> 
     </span>
     <span class='ocr_line' id='line_1_15' title="bbox 197 1877 1311 1966; baseline 0.001 -24"><span class='ocrx_word' id='word_1_126' title='bbox 197 1879 395 1966; x_wconf 86' lang='lat' dir='ltr'><strong>punctionem</strong></span> <span class='ocrx_word' id='word_1_127' title='bbox 427 1889 554 1965; x_wconf 78' lang='lat' dir='ltr'><strong>spectet,</strong></span> <span class='ocrx_word' id='word_1_128' title='bbox 583 1879 754 1961; x_wconf 76' lang='lat' dir='ltr'><strong>Nicanoris,</strong></span> <span class='ocrx_word' id='word_1_129' title='bbox 787 1902 849 1943; x_wconf 90' lang='lat' dir='ltr'><strong>non</strong></span> <span class='ocrx_word' id='word_1_130' title='bbox 883 1877 1055 1943; x_wconf 87' lang='lat' dir='ltr'><strong>Herodiani</strong></span> <span class='ocrx_word' id='word_1_131' title='bbox 1087 1900 1154 1943; x_wconf 85' lang='lat' dir='ltr'><strong>cssc</strong></span> <span class='ocrx_word' id='word_1_132' title='bbox 1182 1900 1311 1957; x_wconf 78' lang='lat' dir='ltr'><strong>censc03</strong></span> 
     </span>
     <span class='ocr_line' id='line_1_16' title="bbox 196 1977 1311 2060; baseline 0 -16"><span class='ocrx_word' id='word_1_133' title='bbox 196 1979 359 2044; x_wconf 90' lang='lat' dir='ltr'><strong>Nicanoris</strong></span> <span class='ocrx_word' id='word_1_134' title='bbox 380 1978 564 2044; x_wconf 87' lang='lat' dir='ltr'><strong>sententiam</strong></span> <span class='ocrx_word' id='word_1_135' title='bbox 597 1999 632 2042; x_wconf 89' lang='lat' dir='ltr'><strong>re</strong></span> <span class='ocrx_word' id='word_1_136' title='bbox 652 2000 728 2042; x_wconf 87' lang='lat' dir='ltr'><strong>vera</strong></span> <span class='ocrx_word' id='word_1_137' title='bbox 755 2000 791 2042; x_wconf 90' lang='lat' dir='ltr'><strong>co</strong></span> <span class='ocrx_word' id='word_1_138' title='bbox 821 1977 974 2042; x_wconf 87' lang='lat' dir='ltr'><strong>contineri</strong></span> <span class='ocrx_word' id='word_1_139' title='bbox 1002 1977 1094 2044; x_wconf 86' lang='lat' dir='ltr'><strong>docet</strong></span> <span class='ocrx_word' id='word_1_140' title='bbox 1117 1979 1220 2060; x_wconf 75' lang='lat' dir='ltr'><strong>{schol</strong></span> <span class='ocrx_word' id='word_1_141' title='bbox 1242 1978 1311 2044; x_wconf 89' lang='lat' dir='ltr'><strong>LV.</strong></span> 
     </span>
    </p>
   </div>
   <div class='ocr_carea' id='block_1_5' title="bbox 3 2075 1312 2164">
    <p class='ocr_par' dir='ltr' id='par_1_5' title="bbox 3 2075 1312 2164">
     <span class='ocr_line' id='line_1_17' title="bbox 3 2075 1312 2164; baseline -0.001 -22"><span class='ocrx_word' id='word_1_142' title='bbox 3 2125 6 2132; x_wconf 81' lang='lat'><em>-</em></span> <span class='ocrx_word' id='word_1_143' title='bbox 86 2091 90 2096; x_wconf 84' lang='grc'><strong>’</strong></span> <span class='ocrx_word' id='word_1_144' title='bbox 197 2078 291 2158; x_wconf 80' lang='lat' dir='ltr'><strong>Quod</strong></span> <span class='ocrx_word' id='word_1_145' title='bbox 304 2099 379 2144; x_wconf 88' lang='lat' dir='ltr'><strong>vero</strong></span> <span class='ocrx_word' id='word_1_146' title='bbox 400 2078 477 2142; x_wconf 85' lang='lat' dir='ltr'><strong>falsa</strong></span> <span class='ocrx_word' id='word_1_147' title='bbox 493 2075 675 2163; x_wconf 86' lang='lat' dir='ltr'><strong>subscriptio</strong></span> <span class='ocrx_word' id='word_1_148' title='bbox 690 2075 886 2160; x_wconf 80' lang='grc' dir='ltr'>(Ἡρωδιανὸς</span> <span class='ocrx_word' id='word_1_149' title='bbox 900 2077 931 2139; x_wconf 78' lang='grc' dir='ltr'><strong>ἐν</strong></span> <span class='ocrx_word' id='word_1_150' title='bbox 947 2079 983 2157; x_wconf 66' lang='grc' dir='ltr'><strong>τῇ</strong></span> <span class='ocrx_word' id='word_1_151' title='bbox 999 2079 1167 2164; x_wconf 81' lang='grc' dir='ltr'>προσῳδίᾳ)</span> <span class='ocrx_word' id='word_1_152' title='bbox 1178 2076 1312 2158; x_wconf 88' lang='lat' dir='ltr'><strong>additur,</strong></span> 
     </span>
    </p>
   </div>
   <div class='ocr_carea' id='block_1_6' title="bbox 166 2176 1314 4344">
    <p class='ocr_par' dir='ltr' id='par_1_6' title="bbox 196 2176 1313 2741">
     <span class='ocr_line' id='line_1_18' title="bbox 197 2176 1312 2264; baseline -0.002 -20"><span class='ocrx_word' id='word_1_153' title='bbox 197 2179 342 2264; x_wconf 72' lang='lat' dir='ltr'><strong>frequens</strong></span> <span class='ocrx_word' id='word_1_154' title='bbox 367 2201 506 2243; x_wconf 90' lang='lat' dir='ltr'><strong>errorum</strong></span> <span class='ocrx_word' id='word_1_155' title='bbox 529 2199 627 2262; x_wconf 84' lang='lat' dir='ltr'><strong>genus</strong></span> <span class='ocrx_word' id='word_1_156' title='bbox 649 2187 704 2243; x_wconf 83' lang='lat' dir='ltr'><strong>est.</strong></span> <span class='ocrx_word' id='word_1_157' title='bbox 746 2178 892 2243; x_wconf 76' lang='lat' dir='ltr'><strong>Fortasse</strong></span> <span class='ocrx_word' id='word_1_158' title='bbox 913 2176 1020 2263; x_wconf 88' lang='lat' dir='ltr'><strong>aliquis</strong></span> <span class='ocrx_word' id='word_1_159' title='bbox 1043 2178 1189 2243; x_wconf 87' lang='lat' dir='ltr'><strong>obiecerit</strong></span> <span class='ocrx_word' id='word_1_160' title='bbox 1211 2177 1312 2242; x_wconf 87' lang='lat' dir='ltr'><strong>Hero-</strong></span> 
     </span>
     <span class='ocr_line' id='line_1_19' title="bbox 209 2272 1313 2363; baseline 0.004 -26"><span class='ocrx_word' id='word_1_161' title='bbox 209 2272 343 2343; x_wconf 84' lang='lat' dir='ltr'><strong>daneum</strong></span> <span class='ocrx_word' id='word_1_162' title='bbox 363 2276 441 2342; x_wconf 90' lang='lat' dir='ltr'><strong>illud</strong></span> <span class='ocrx_word' id='word_1_163' title='bbox 469 2276 511 2351; x_wconf 82' lang='grc' dir='ltr'><strong>ὡς</strong></span> <span class='ocrx_word' id='word_1_164' title='bbox 541 2275 584 2340; x_wconf 83' lang='grc' dir='ltr'><strong>ὅτι</strong></span> <span class='ocrx_word' id='word_1_165' title='bbox 617 2277 659 2361; x_wconf 85' lang='lat' dir='ltr'><strong>(v.</strong></span> <span class='ocrx_word' id='word_1_166' title='bbox 692 2277 810 2358; x_wconf 87' lang='lat' dir='ltr'><strong>Lehrs,</strong></span> <span class='ocrx_word' id='word_1_167' title='bbox 832 2279 888 2342; x_wconf 87' lang='lat' dir='ltr'><strong>Ar.</strong></span> <span class='ocrx_word' id='word_1_168' title='bbox 909 2297 942 2363; x_wconf 89' lang='lat' dir='ltr'><strong>p.</strong></span> <span class='ocrx_word' id='word_1_169' title='bbox 968 2279 1034 2358; x_wconf 66' lang='lat'><strong>34),</strong></span> <span class='ocrx_word' id='word_1_170' title='bbox 1068 2278 1151 2361; x_wconf 91' lang='lat' dir='ltr'><strong>quod</strong></span> <span class='ocrx_word' id='word_1_171' title='bbox 1179 2300 1253 2343; x_wconf 89' lang='lat' dir='ltr'><strong>sanc</strong></span> <span class='ocrx_word' id='word_1_172' title='bbox 1281 2278 1313 2341; x_wconf 91' lang='lat' dir='ltr'><strong>in</strong></span> 
     </span>
     <span class='ocr_line' id='line_1_20' title="bbox 196 2370 1313 2466; baseline -0.001 -24"><span class='ocrx_word' id='word_1_173' title='bbox 196 2372 360 2442; x_wconf 85' lang='lat' dir='ltr'><strong>Nicanoris</strong></span> <span class='ocrx_word' id='word_1_174' title='bbox 382 2378 563 2462; x_wconf 81' lang='lat' dir='ltr'><strong>fragmentis</strong></span> <span class='ocrx_word' id='word_1_175' title='bbox 585 2401 648 2442; x_wconf 90' lang='lat' dir='ltr'><strong>non</strong></span> <span class='ocrx_word' id='word_1_176' title='bbox 670 2379 833 2463; x_wconf 84' lang='lat' dir='ltr'><strong>reperitur.</strong></span> <span class='ocrx_word' id='word_1_177' title='bbox 868 2370 940 2466; x_wconf 26' lang='lat' dir='ltr'><strong>&#39;Sed</strong></span> <span class='ocrx_word' id='word_1_178' title='bbox 963 2378 1117 2462; x_wconf 88' lang='lat' dir='ltr'><strong>reperitur</strong></span> <span class='ocrx_word' id='word_1_179' title='bbox 1138 2381 1171 2444; x_wconf 93' lang='lat' dir='ltr'><strong>in</strong></span> <span class='ocrx_word' id='word_1_180' title='bbox 1189 2378 1313 2444; x_wconf 87' lang='lat' dir='ltr'><strong>scholiis</strong></span> 
     </span>
     <span class='ocr_line' id='line_1_21' title="bbox 198 2475 1313 2568; baseline 0.005 -29"><span class='ocrx_word' id='word_1_181' title='bbox 198 2479 280 2539; x_wconf 80' lang='lat' dir='ltr'><strong>certe</strong></span> <span class='ocrx_word' id='word_1_182' title='bbox 301 2498 364 2539; x_wconf 91' lang='lat' dir='ltr'><strong>non</strong></span> <span class='ocrx_word' id='word_1_183' title='bbox 379 2475 592 2558; x_wconf 75' lang='lat' dir='ltr'><strong>HerodianeiS,</strong></span> <span class='ocrx_word' id='word_1_184' title='bbox 615 2498 716 2562; x_wconf 89' lang='lat' dir='ltr'><strong>neque</strong></span> <span class='ocrx_word' id='word_1_185' title='bbox 732 2478 867 2557; x_wconf 85' lang='lat' dir='ltr'><strong>omnino,</strong></span> <span class='ocrx_word' id='word_1_186' title='bbox 890 2499 960 2542; x_wconf 91' lang='lat' dir='ltr'><strong>cum</strong></span> <span class='ocrx_word' id='word_1_187' title='bbox 974 2477 1112 2568; x_wconf 83' lang='lat' dir='ltr'><strong>Nicanor</strong></span> <span class='ocrx_word' id='word_1_188' title='bbox 1127 2478 1313 2545; x_wconf 85' lang='lat' dir='ltr'><strong>Herodiano</strong></span> 
     </span>
     <span class='ocr_line' id='line_1_22' title="bbox 196 2576 1313 2666; baseline 0.004 -28"><span class='ocrx_word' id='word_1_189' title='bbox 196 2582 296 2639; x_wconf 89' lang='lat' dir='ltr'><strong>aetate</strong></span> <span class='ocrx_word' id='word_1_190' title='bbox 327 2597 390 2639; x_wconf 91' lang='lat' dir='ltr'><strong>non</strong></span> <span class='ocrx_word' id='word_1_191' title='bbox 412 2576 541 2640; x_wconf 91' lang='lat' dir='ltr'><strong>multum</strong></span> <span class='ocrx_word' id='word_1_192' title='bbox 568 2579 774 2659; x_wconf 84' lang='lat' dir='ltr'><strong>antecesserit,</strong></span> <span class='ocrx_word' id='word_1_193' title='bbox 813 2580 893 2643; x_wconf 87' lang='lat' dir='ltr'><strong>hanc</strong></span> <span class='ocrx_word' id='word_1_194' title='bbox 920 2577 1134 2644; x_wconf 85' lang='lat' dir='ltr'><strong>difficultatem</strong></span> <span class='ocrx_word' id='word_1_195' title='bbox 1166 2602 1313 2666; x_wconf 82' lang='lat' dir='ltr'><strong>magnam</strong></span> 
     </span>
     <span class='ocr_line' id='line_1_23' title="bbox 197 2675 433 2741; baseline 0 -2"><span class='ocrx_word' id='word_1_196' title='bbox 197 2697 265 2740; x_wconf 88' lang='lat' dir='ltr'><strong>esse</strong></span> <span class='ocrx_word' id='word_1_197' title='bbox 288 2675 433 2741; x_wconf 83' lang='lat' dir='ltr'><strong>arbitror.</strong></span> 
     </span>
    </p>

    <p class='ocr_par' dir='ltr' id='par_1_7' title="bbox 166 2775 1314 4344">
     <span class='ocr_line' id='line_1_24' title="bbox 257 2775 1312 2863; baseline 0.004 -26"><span class='ocrx_word' id='word_1_198' title='bbox 257 2775 371 2839; x_wconf 92' lang='lat' dir='ltr'><strong>Iliacae</strong></span> <span class='ocrx_word' id='word_1_199' title='bbox 391 2775 560 2841; x_wconf 89' lang='lat' dir='ltr'><strong>Prosodiae</strong></span> <span class='ocrx_word' id='word_1_200' title='bbox 581 2779 756 2863; x_wconf 80' lang='lat' dir='ltr'><strong>fragmenta</strong></span> <span class='ocrx_word' id='word_1_201' title='bbox 778 2780 809 2842; x_wconf 91' lang='lat' dir='ltr'><strong>in</strong></span> <span class='ocrx_word' id='word_1_202' title='bbox 830 2778 955 2862; x_wconf 86' lang='lat' dir='ltr'><strong>scholiis</strong></span> <span class='ocrx_word' id='word_1_203' title='bbox 977 2777 1016 2841; x_wconf 92' lang='lat' dir='ltr'><strong>ad</strong></span> <span class='ocrx_word' id='word_1_204' title='bbox 1029 2778 1159 2843; x_wconf 88' lang='lat' dir='ltr'><strong>Iliadem</strong></span> <span class='ocrx_word' id='word_1_205' title='bbox 1183 2777 1312 2843; x_wconf 84' lang='lat' dir='ltr'><strong>Venetis</strong></span> 
     </span>
     <span class='ocr_line' id='line_1_25' title="bbox 196 2874 1313 2964; baseline 0.01 -32"><span class='ocrx_word' id='word_1_206' title='bbox 196 2874 286 2937; x_wconf 85' lang='lat' dir='ltr'><strong>nobis</strong></span> <span class='ocrx_word' id='word_1_207' title='bbox 310 2883 431 2938; x_wconf 89' lang='lat' dir='ltr'><strong>servata</strong></span> <span class='ocrx_word' id='word_1_208' title='bbox 453 2896 519 2939; x_wconf 86' lang='lat' dir='ltr'><strong>csse</strong></span> <span class='ocrx_word' id='word_1_209' title='bbox 541 2876 733 2941; x_wconf 89' lang='lat' dir='ltr'><strong>notissimum</strong></span> <span class='ocrx_word' id='word_1_210' title='bbox 755 2887 802 2941; x_wconf 89' lang='lat' dir='ltr'><strong>est</strong></span> <span class='ocrx_word' id='word_1_211' title='bbox 823 2900 927 2962; x_wconf 86' lang='lat' dir='ltr'><strong>neque</strong></span> <span class='ocrx_word' id='word_1_212' title='bbox 949 2899 1020 2964; x_wconf 87' lang='lat' dir='ltr'><strong>ego,</strong></span> <span class='ocrx_word' id='word_1_213' title='bbox 1042 2878 1127 2964; x_wconf 90' lang='lat' dir='ltr'><strong>quod</strong></span> <span class='ocrx_word' id='word_1_214' title='bbox 1143 2878 1182 2941; x_wconf 87' lang='lat' dir='ltr'><strong>de</strong></span> <span class='ocrx_word' id='word_1_215' title='bbox 1201 2878 1313 2943; x_wconf 90' lang='lat' dir='ltr'><strong>horum</strong></span> 
     </span>
     <span class='ocr_line' id='line_1_26' title="bbox 196 2971 1314 3059; baseline 0.008 -27"><span class='ocrx_word' id='word_1_216' title='bbox 196 2971 382 3035; x_wconf 90' lang='lat' dir='ltr'><strong>scholiorum</strong></span> <span class='ocrx_word' id='word_1_217' title='bbox 415 2976 634 3059; x_wconf 87' lang='lat' dir='ltr'><strong>compositione</strong></span> <span class='ocrx_word' id='word_1_218' title='bbox 662 2977 696 3040; x_wconf 92' lang='lat' dir='ltr'><strong>in</strong></span> <span class='ocrx_word' id='word_1_219' title='bbox 722 2977 899 3054; x_wconf 84' lang='lat' dir='ltr'><strong>uniuersum</strong></span> <span class='ocrx_word' id='word_1_220' title='bbox 928 2977 989 3041; x_wconf 89' lang='lat' dir='ltr'><strong>iam</strong></span> <span class='ocrx_word' id='word_1_221' title='bbox 1016 2977 1067 3041; x_wconf 90' lang='lat' dir='ltr'><strong>diu</strong></span> <span class='ocrx_word' id='word_1_222' title='bbox 1095 2988 1225 3059; x_wconf 85' lang='lat' dir='ltr'><strong>constat,</strong></span> <span class='ocrx_word' id='word_1_223' title='bbox 1253 2978 1314 3044; x_wconf 89' lang='lat' dir='ltr'><strong>hoc</strong></span> 
     </span>
     <span class='ocr_line' id='line_1_27' title="bbox 195 3069 1314 3163; baseline 0.011 -31"><span class='ocrx_word' id='word_1_224' title='bbox 195 3069 266 3135; x_wconf 89' lang='lat' dir='ltr'><strong>loco</strong></span> <span class='ocrx_word' id='word_1_225' title='bbox 300 3069 400 3136; x_wconf 85' lang='lat' dir='ltr'><strong>denuo</strong></span> <span class='ocrx_word' id='word_1_226' title='bbox 436 3074 600 3157; x_wconf 86' lang='lat' dir='ltr'><strong>proferam.</strong></span> <span class='ocrx_word' id='word_1_227' title='bbox 643 3075 694 3142; x_wconf 90' lang='lat' dir='ltr'><strong>De</strong></span> <span class='ocrx_word' id='word_1_228' title='bbox 723 3076 822 3141; x_wconf 85' lang='lat' dir='ltr'><strong>forma</strong></span> <span class='ocrx_word' id='word_1_229' title='bbox 853 3098 938 3158; x_wconf 84' lang='lat' dir='ltr'><strong>vero,</strong></span> <span class='ocrx_word' id='word_1_230' title='bbox 969 3100 1031 3163; x_wconf 89' lang='lat' dir='ltr'><strong>qua</strong></span> <span class='ocrx_word' id='word_1_231' title='bbox 1060 3078 1209 3163; x_wconf 87' lang='lat' dir='ltr'><strong>reliquiae</strong></span> <span class='ocrx_word' id='word_1_232' title='bbox 1240 3078 1314 3144; x_wconf 85' lang='lat' dir='ltr'><strong>illac</strong></span> 
     </span>
     <span class='ocr_line' id='line_1_28' title="bbox 195 3171 1312 3264; baseline 0.009 -31"><span class='ocrx_word' id='word_1_233' title='bbox 195 3171 283 3235; x_wconf 91' lang='lat' dir='ltr'><strong>nobis</strong></span> <span class='ocrx_word' id='word_1_234' title='bbox 305 3182 442 3235; x_wconf 87' lang='lat' dir='ltr'><strong>servatae</strong></span> <span class='ocrx_word' id='word_1_235' title='bbox 463 3184 534 3237; x_wconf 89' lang='lat' dir='ltr'><strong>sunt</strong></span> <span class='ocrx_word' id='word_1_236' title='bbox 556 3174 658 3260; x_wconf 87' lang='lat' dir='ltr'><strong>deque</strong></span> <span class='ocrx_word' id='word_1_237' title='bbox 677 3176 714 3240; x_wconf 90' lang='lat' dir='ltr'><strong>iis</strong></span> <span class='ocrx_word' id='word_1_238' title='bbox 735 3179 914 3259; x_wconf 85' lang='lat' dir='ltr'><strong>rationibus,</strong></span> <span class='ocrx_word' id='word_1_239' title='bbox 938 3201 1014 3264; x_wconf 90' lang='lat' dir='ltr'><strong>quas</strong></span> <span class='ocrx_word' id='word_1_240' title='bbox 1034 3181 1132 3245; x_wconf 88' lang='lat' dir='ltr'><strong>secuti</strong></span> <span class='ocrx_word' id='word_1_241' title='bbox 1157 3202 1312 3263; x_wconf 86' lang='lat' dir='ltr'><strong>gramma·</strong></span> 
     </span>
     <span class='ocr_line' id='line_1_29' title="bbox 195 3270 1313 3366; baseline 0.008 -33"><span class='ocrx_word' id='word_1_242' title='bbox 195 3270 245 3333; x_wconf 90' lang='lat' dir='ltr'><strong>tici</strong></span> <span class='ocrx_word' id='word_1_243' title='bbox 269 3272 371 3357; x_wconf 91' lang='lat' dir='ltr'><strong>operis</strong></span> <span class='ocrx_word' id='word_1_244' title='bbox 393 3270 585 3338; x_wconf 89' lang='lat' dir='ltr'><strong>Herodianei</strong></span> <span class='ocrx_word' id='word_1_245' title='bbox 605 3274 688 3339; x_wconf 89' lang='lat' dir='ltr'><strong>locos</strong></span> <span class='ocrx_word' id='word_1_246' title='bbox 710 3276 940 3364; x_wconf 85' lang='lat' dir='ltr'><strong>exscripserunt</strong></span> <span class='ocrx_word' id='word_1_247' title='bbox 961 3288 1053 3364; x_wconf 89' lang='lat' dir='ltr'><strong>atque</strong></span> <span class='ocrx_word' id='word_1_248' title='bbox 1082 3289 1313 3366; x_wconf 87' lang='lat' dir='ltr'><strong>excerpserunt,</strong></span> 
     </span>
     <span class='ocr_line' id='line_1_30' title="bbox 195 3375 1313 3467; baseline 0.01 -34"><span class='ocrx_word' id='word_1_249' title='bbox 195 3392 320 3457; x_wconf 88' lang='lat' dir='ltr'><strong>prorsus</strong></span> <span class='ocrx_word' id='word_1_250' title='bbox 341 3383 484 3438; x_wconf 89' lang='lat' dir='ltr'><strong>accurate</strong></span> <span class='ocrx_word' id='word_1_251' title='bbox 506 3384 536 3437; x_wconf 88' lang='lat' dir='ltr'><strong>et</strong></span> <span class='ocrx_word' id='word_1_252' title='bbox 557 3375 682 3462; x_wconf 87' lang='lat' dir='ltr'><strong>copiose</strong></span> <span class='ocrx_word' id='word_1_253' title='bbox 703 3386 768 3440; x_wconf 89' lang='lat' dir='ltr'><strong>tum</strong></span> <span class='ocrx_word' id='word_1_254' title='bbox 791 3377 915 3442; x_wconf 89' lang='lat' dir='ltr'><strong>demum</strong></span> <span class='ocrx_word' id='word_1_255' title='bbox 936 3381 988 3463; x_wconf 82' lang='lat' dir='ltr'><strong>agi</strong></span> <span class='ocrx_word' id='word_1_256' title='bbox 1008 3379 1132 3467; x_wconf 86' lang='lat' dir='ltr'><strong>poterit,</strong></span> <span class='ocrx_word' id='word_1_257' title='bbox 1154 3402 1224 3443; x_wconf 87' lang='lat' dir='ltr'><strong>cum</strong></span> <span class='ocrx_word' id='word_1_258' title='bbox 1242 3381 1313 3445; x_wconf 87' lang='lat' dir='ltr'><strong>talis</strong></span> 
     </span>
     <span class='ocr_line' id='line_1_31' title="bbox 194 3470 1314 3563; baseline 0.012 -31"><span class='ocrx_word' id='word_1_259' title='bbox 194 3470 383 3535; x_wconf 90' lang='lat' dir='ltr'><strong>scholiorum</strong></span> <span class='ocrx_word' id='word_1_260' title='bbox 404 3470 436 3535; x_wconf 93' lang='lat' dir='ltr'><strong>in</strong></span> <span class='ocrx_word' id='word_1_261' title='bbox 457 3471 588 3538; x_wconf 88' lang='lat' dir='ltr'><strong>Iliadem</strong></span> <span class='ocrx_word' id='word_1_262' title='bbox 611 3475 711 3556; x_wconf 88' lang='lat' dir='ltr'><strong>aditio,</strong></span> <span class='ocrx_word' id='word_1_263' title='bbox 734 3476 834 3561; x_wconf 87' lang='lat' dir='ltr'><strong>qualis</strong></span> <span class='ocrx_word' id='word_1_264' title='bbox 855 3478 894 3541; x_wconf 89' lang='lat' dir='ltr'><strong>ab</strong></span> <span class='ocrx_word' id='word_1_265' title='bbox 916 3479 1000 3543; x_wconf 90' lang='lat' dir='ltr'><strong>omni</strong></span> <span class='ocrx_word' id='word_1_266' title='bbox 1011 3486 1099 3563; x_wconf 86' lang='lat' dir='ltr'><strong>parte</strong></span> <span class='ocrx_word' id='word_1_267' title='bbox 1123 3480 1211 3543; x_wconf 91' lang='lat' dir='ltr'><strong>nobis</strong></span> <span class='ocrx_word' id='word_1_268' title='bbox 1227 3481 1314 3545; x_wconf 90' lang='lat' dir='ltr'><strong>satis·</strong></span> 
     </span>
     <span class='ocr_line' id='line_1_32' title="bbox 194 3570 1312 3659; baseline 0.011 -28"><span class='ocrx_word' id='word_1_269' title='bbox 194 3570 294 3634; x_wconf 86' lang='lat' dir='ltr'><strong>facere</strong></span> <span class='ocrx_word' id='word_1_270' title='bbox 315 3574 421 3657; x_wconf 92' lang='lat' dir='ltr'><strong>possit,</strong></span> <span class='ocrx_word' id='word_1_271' title='bbox 442 3573 474 3636; x_wconf 93' lang='lat' dir='ltr'><strong>in</strong></span> <span class='ocrx_word' id='word_1_272' title='bbox 495 3572 596 3637; x_wconf 90' lang='lat' dir='ltr'><strong>lucem</strong></span> <span class='ocrx_word' id='word_1_273' title='bbox 618 3574 778 3659; x_wconf 82' lang='lat' dir='ltr'><strong>prodierit.</strong></span> <span class='ocrx_word' id='word_1_274' title='bbox 820 3576 950 3642; x_wconf 85' lang='lat' dir='ltr'><strong>Etiamsi</strong></span> <span class='ocrx_word' id='word_1_275' title='bbox 973 3578 1055 3641; x_wconf 91' lang='lat' dir='ltr'><strong>enim</strong></span> <span class='ocrx_word' id='word_1_276' title='bbox 1072 3577 1251 3644; x_wconf 86' lang='lat' dir='ltr'><strong>Bekkerum</strong></span> <span class='ocrx_word' id='word_1_277' title='bbox 1273 3580 1312 3643; x_wconf 90' lang='lat' dir='ltr'><strong>de</strong></span> 
     </span>
     <span class='ocr_line' id='line_1_33' title="bbox 193 3669 1310 3761; baseline 0.007 -28"><span class='ocrx_word' id='word_1_278' title='bbox 193 3669 241 3733; x_wconf 90' lang='lat' dir='ltr'><strong>his</strong></span> <span class='ocrx_word' id='word_1_279' title='bbox 262 3670 385 3736; x_wconf 87' lang='lat' dir='ltr'><strong>scholiis</strong></span> <span class='ocrx_word' id='word_1_280' title='bbox 406 3673 523 3759; x_wconf 91' lang='lat' dir='ltr'><strong>optime</strong></span> <span class='ocrx_word' id='word_1_281' title='bbox 541 3673 686 3738; x_wconf 90' lang='lat' dir='ltr'><strong>meritum</strong></span> <span class='ocrx_word' id='word_1_282' title='bbox 709 3696 776 3740; x_wconf 86' lang='lat' dir='ltr'><strong>essc</strong></span> <span class='ocrx_word' id='word_1_283' title='bbox 797 3699 905 3742; x_wconf 90' lang='lat' dir='ltr'><strong>omnes</strong></span> <span class='ocrx_word' id='word_1_284' title='bbox 927 3676 1077 3759; x_wconf 89' lang='lat' dir='ltr'><strong>novimus,</strong></span> <span class='ocrx_word' id='word_1_285' title='bbox 1099 3688 1202 3745; x_wconf 90' lang='lat' dir='ltr'><strong>tamen</strong></span> <span class='ocrx_word' id='word_1_286' title='bbox 1214 3702 1253 3743; x_wconf 88' lang='lat' dir='ltr'><strong>cx</strong></span> <span class='ocrx_word' id='word_1_287' title='bbox 1264 3681 1310 3761; x_wconf 87' lang='lat' dir='ltr'><strong>iis,</strong></span> 
     </span>
     <span class='ocr_line' id='line_1_34' title="bbox 194 3770 1313 3862; baseline 0.009 -29"><span class='ocrx_word' id='word_1_288' title='bbox 194 3792 274 3854; x_wconf 90' lang='lat' dir='ltr'><strong>quae</strong></span> <span class='ocrx_word' id='word_1_289' title='bbox 307 3770 345 3835; x_wconf 91' lang='lat' dir='ltr'><strong>de</strong></span> <span class='ocrx_word' id='word_1_290' title='bbox 366 3772 473 3838; x_wconf 90' lang='lat' dir='ltr'><strong>codice</strong></span> <span class='ocrx_word' id='word_1_291' title='bbox 502 3771 623 3838; x_wconf 90' lang='lat' dir='ltr'><strong>Veneto</strong></span> <span class='ocrx_word' id='word_1_292' title='bbox 650 3784 756 3840; x_wconf 87' lang='lat' dir='ltr'><strong>vetere</strong></span> <span class='ocrx_word' id='word_1_293' title='bbox 785 3776 957 3841; x_wconf 86' lang='lat' dir='ltr'><strong>retulerunt</strong></span> <span class='ocrx_word' id='word_1_294' title='bbox 988 3776 1192 3862; x_wconf 84' lang='lat' dir='ltr'><strong>Pluygersius</strong></span> <span class='ocrx_word' id='word_1_295' title='bbox 1215 3789 1247 3843; x_wconf 89' lang='lat' dir='ltr'><strong>ct</strong></span> <span class='ocrx_word' id='word_1_296' title='bbox 1268 3777 1313 3842; x_wconf 85' lang='lat' dir='ltr'><strong>La</strong></span> 
     </span>
     <span class='ocr_line' id='line_1_35' title="bbox 193 3868 1311 3957; baseline 0.009 -24"><span class='ocrx_word' id='word_1_297' title='bbox 193 3868 329 3934; x_wconf 90' lang='lat' dir='ltr'><strong>Rochius</strong></span> <span class='ocrx_word' id='word_1_298' title='bbox 360 3871 564 3955; x_wconf 88' lang='lat' dir='ltr'><strong>peculiaribus</strong></span> <span class='ocrx_word' id='word_1_299' title='bbox 592 3874 714 3957; x_wconf 88' lang='lat' dir='ltr'><strong>libellis,</strong></span> <span class='ocrx_word' id='word_1_300' title='bbox 744 3875 1003 3941; x_wconf 91' lang='lat' dir='ltr'><strong>Wachsmuthius</strong></span> <span class='ocrx_word' id='word_1_301' title='bbox 1030 3878 1063 3941; x_wconf 93' lang='lat' dir='ltr'><strong>in</strong></span> <span class='ocrx_word' id='word_1_302' title='bbox 1095 3876 1174 3941; x_wconf 88' lang='lat' dir='ltr'><strong>Mus.</strong></span> <span class='ocrx_word' id='word_1_303' title='bbox 1209 3877 1311 3943; x_wconf 86' lang='lat' dir='ltr'><strong>Rhen.</strong></span> 
     </span>
     <span class='ocr_line' id='line_1_36' title="bbox 192 3968 1310 4064; baseline 0.01 -32"><span class='ocrx_word' id='word_1_304' title='bbox 192 3968 302 4034; x_wconf 81' lang='lat' dir='ltr'><strong>XVII.</strong></span> <span class='ocrx_word' id='word_1_305' title='bbox 323 3994 354 4057; x_wconf 89' lang='lat' dir='ltr'><strong>p.</strong></span> <span class='ocrx_word' id='word_1_306' title='bbox 380 3971 438 4036; x_wconf 81' lang='lat'><strong>178</strong></span> <span class='ocrx_word' id='word_1_307' title='bbox 459 3993 536 4056; x_wconf 77' lang='lat' dir='ltr'><strong>sqq,</strong></span> <span class='ocrx_word' id='word_1_308' title='bbox 558 3973 708 4040; x_wconf 86' lang='lat' dir='ltr'><strong>dealtero</strong></span> <span class='ocrx_word' id='word_1_309' title='bbox 731 3973 891 4041; x_wconf 86' lang='lat' dir='ltr'><strong>Mehlerus</strong></span> <span class='ocrx_word' id='word_1_310' title='bbox 913 3975 1003 4053; x_wconf 72' lang='lat' dir='ltr'><strong>(iat</strong></span> <span class='ocrx_word' id='word_1_311' title='bbox 1025 3999 1055 4061; x_wconf 88' lang='lat' dir='ltr'><strong>p.</strong></span> <span class='ocrx_word' id='word_1_312' title='bbox 1076 3977 1134 4041; x_wconf 74' lang='lat'><strong>145</strong></span> <span class='ocrx_word' id='word_1_313' title='bbox 1154 4000 1224 4062; x_wconf 87' lang='lat' dir='ltr'><strong>sqq.</strong></span> <span class='ocrx_word' id='word_1_314' title='bbox 1247 3978 1310 4064; x_wconf 88' lang='lat' dir='ltr'><strong>8p.</strong></span> 
     </span>
     <span class='ocr_line' id='line_1_37' title="bbox 195 4068 1312 4161; baseline 0.008 -29"><span class='ocrx_word' id='word_1_315' title='bbox 195 4068 254 4133; x_wconf 85' lang='grc'><strong>143</strong></span> <span class='ocrx_word' id='word_1_316' title='bbox 276 4078 369 4154; x_wconf 80' lang='lat' dir='ltr'><strong>sqq),</strong></span> <span class='ocrx_word' id='word_1_317' title='bbox 391 4081 529 4156; x_wconf 88' lang='lat' dir='ltr'><strong>apparet,</strong></span> <span class='ocrx_word' id='word_1_318' title='bbox 551 4070 688 4140; x_wconf 87' lang='lat' dir='ltr'><strong>Bckkeri</strong></span> <span class='ocrx_word' id='word_1_319' title='bbox 710 4074 844 4140; x_wconf 90' lang='lat' dir='ltr'><strong>editione</strong></span> <span class='ocrx_word' id='word_1_320' title='bbox 866 4098 906 4140; x_wconf 82' lang='lat' dir='ltr'><strong>ex</strong></span> <span class='ocrx_word' id='word_1_321' title='bbox 924 4074 1312 4161; x_wconf 89' lang='lat' dir='ltr'><strong>omniquidempartenos</strong></span> 
     </span>
     <span class='ocr_line' id='line_1_38' title="bbox 192 4169 1313 4254; baseline 0.009 -22"><span class='ocrx_word' id='word_1_322' title='bbox 192 4169 317 4234; x_wconf 88' lang='lat' dir='ltr'><strong>minima</strong></span> <span class='ocrx_word' id='word_1_323' title='bbox 338 4192 428 4254; x_wconf 87' lang='lat' dir='ltr'><strong>posse</strong></span> <span class='ocrx_word' id='word_1_324' title='bbox 450 4170 618 4238; x_wconf 86' lang='lat' dir='ltr'><strong>confidere.</strong></span> <span class='ocrx_word' id='word_1_325' title='bbox 672 4173 717 4241; x_wconf 93' lang='lat' dir='ltr'><strong>Ut</strong></span> <span class='ocrx_word' id='word_1_326' title='bbox 737 4198 835 4239; x_wconf 91' lang='lat' dir='ltr'><strong>unum</strong></span> <span class='ocrx_word' id='word_1_327' title='bbox 856 4183 976 4239; x_wconf 89' lang='lat' dir='ltr'><strong>tantum</strong></span> <span class='ocrx_word' id='word_1_328' title='bbox 997 4174 1139 4239; x_wconf 86' lang='lat' dir='ltr'><strong>afferam:</strong></span> <span class='ocrx_word' id='word_1_329' title='bbox 1161 4177 1243 4241; x_wconf 89' lang='lat' dir='ltr'><strong>inter</strong></span> <span class='ocrx_word' id='word_1_330' title='bbox 1263 4200 1313 4242; x_wconf 92' lang='lat' dir='ltr'><strong>co-</strong></span> 
     </span>
     <span class='ocr_line' id='line_1_39' title="bbox 166 4265 1311 4344; baseline 0.011 -15"><span class='ocrx_word' id='word_1_331' title='bbox 166 4273 172 4285; x_wconf 93' lang='lat'><em>&#39;</em></span> <span class='ocrx_word' id='word_1_332' title='bbox 193 4265 267 4332; x_wconf 90' lang='lat' dir='ltr'><strong>dicis</strong></span> <span class='ocrx_word' id='word_1_333' title='bbox 288 4267 404 4335; x_wconf 85' lang='lat' dir='ltr'><strong>Veneti</strong></span> <span class='ocrx_word' id='word_1_334' title='bbox 424 4277 544 4335; x_wconf 86' lang='lat' dir='ltr'><strong>textum</strong></span> <span class='ocrx_word' id='word_1_335' title='bbox 567 4281 599 4336; x_wconf 87' lang='lat' dir='ltr'><strong>et</strong></span> <span class='ocrx_word' id='word_1_336' title='bbox 619 4271 736 4338; x_wconf 88' lang='lat' dir='ltr'><strong>maiora</strong></span> <span class='ocrx_word' id='word_1_337' title='bbox 763 4272 883 4339; x_wconf 89' lang='lat' dir='ltr'><strong>scholia</strong></span> <span class='ocrx_word' id='word_1_338' title='bbox 904 4275 1062 4339; x_wconf 82' lang='lat' dir='ltr'><strong>breviores</strong></span> <span class='ocrx_word' id='word_1_339' title='bbox 1095 4275 1311 4344; x_wconf 87' lang='lat' dir='ltr'><strong>adnotationes</strong></span> 
     </span>
    </p>
   </div>
   <div class='ocr_carea' id='block_1_7' title="bbox 0 0 1513 4709">
    <p class='ocr_par' dir='ltr' id='par_1_8' title="bbox 0 0 1513 4709">
     <span class='ocr_line' id='line_1_40' title="bbox 0 0 1513 4709; baseline 0 0"><span class='ocrx_word' id='word_1_340' title='bbox 0 0 1513 4709; x_wconf 95' lang='lat' dir='ltr'><strong> </strong></span> 
     </span>
    </p>
   </div>
  </div>
 </body>
</html>
