3009 4709
708 436 751 447 μιν·
771 437 781 446 1-
810 439 856 450 „134

229 588 322 652 quam
342 568 436 654 vulgo
457 575 561 652 κρᾶσιν
591 568 728 651 dicimus,
758 570 796 633 ab
819 568 934 655 optimo
963 580 1109 637 tractatus
1128 573 1196 658 περὶ
1215 597 1342 660 προσῳ-

229 668 297 732 διῶυ
319 668 482 733 scholiasta
504 679 534 733 et
549 671 713 753 συναλοιφή
735 669 908 756 appelletur
929 673 1072 737 cteidem
1088 673 1133 739 illi
1149 673 1237 738 πάθει
1258 675 1343 757 quod

228 777 274 831 ost
295 766 366 850 υφέν
390 768 661 852 adnumeretur1),
689 791 748 833 neo
769 792 833 834 nou
860 770 893 833 in
913 769 1063 836 Prosodia
1091 772 1186 838 Iliaca
1214 784 1343 839 tractata

228 867 402 933 inveniatur
417 869 586 951 eodemque
599 868 725 934 nonaine
739 869 912 955 appelletur
933 870 1080 952 (velutad
1101 874 1128 936 Α
1140 874 1211 941 277.
1233 875 1341 940 Ν377.

228 967 298 1032 520.
321 969 342 1029 Σ
366 968 449 1050 458),
472 969 548 1034 lmec
564 988 685 1053 quoque
705 970 759 1033 illa
774 972 959 1051 συναλοιφῶυ
979 992 1055 1034 voce
1069 972 1220 1037 contineri
1240 973 1342 1055 atque,

227 1066 351 1149 quaudo
374 1077 405 1130 et
426 1087 486 1152 qua
507 1068 633 1164 ratione,
648 1069 825 1135 adhibenda
847 1069 896 1151 sit,
928 1069 959 1132 in
980 1070 1060 1135 libro
1081 1082 1186 1138 nostro
1219 1074 1344 1139 doctum

227 1166 320 1232 fuisse
340 1168 471 1234 videtur.
514 1168 659 1251 Denique
679 1179 782 1234 autem
803 1169 969 1235 rectissime
990 1171 1031 1237 Α,
1051 1169 1260 1237 Schmidtium
1273 1195 1344 1239 eam

228 1287 351 1351 quoque
372 1289 450 1351 quae
472 1277 517 1331 est
538 1267 577 1333 dc
599 1269 786 1354 apostropha
810 1268 982 1334 doctrinam
1014 1271 1115 1338 eidem
1135 1272 1216 1337 libro
1243 1273 1345 1338 vindi·

228 1392 312 1435 cassa
333 1369 475 1436 arbitror.
509 1368 581 1433 Hoc
602 1368 684 1434 enim
705 1370 768 1442 iam
789 1369 934 1454 analogia
947 1370 1107 1455 probabile
1129 1371 1174 1453 fit,
1197 1394 1268 1436 cum
1282 1373 1343 1437 duo

227 1480 352 1555 praeter
383 1469 604 1555 apostrophum
636 1468 717 1551 πάθη
750 1471 890 1556 exposita
927 1470 1150 1553 invenerimus3
1184 1482 1345 1558 praeterea

228 1570 451 1656 apostrophum
484 1590 584 1655 genus
622 1572 802 1653 συναλοιφῆς
831 1591 898 1635 esse
925 1569 1087 1635 scholiasta
1117 1591 1210 1655 supra
1237 1566 1345 1632 citatus

228 1668 319 1734 docet
340 1671 382 1754 (p.
406 1669 475 1751 697,
497 1670 568 1752 23);
591 1669 726 1752 denique
747 1670 829 1734 hanc
850 1670 950 1756 ipsam
970 1694 1039 1736 rem
1062 1668 1259 1734 Herodianus
1281 1690 1344 1733 om·

227 1769 312 1832 nium
334 1770 510 1855 saepissime
532 1764 710 1852 συιαλοιῴήν
733 1770 882 1855 appellat:
917 1771 966 1852 cf,
986 1779 1020 1834 ut
1040 1791 1138 1857 pauca
1159 1768 1283 1853 eligam,
1305 1768 1343 1831 ad

227 1867 346 1932 A335.
369 1870 389 1931 Z
411 1868 481 1935 239.
510 1869 613 1933 1540.
642 1870 672 1932 Μ
692 1869 748 1934 391
768 1870 811 1951 ²).
831 1907 872 1917 —
893 1868 933 1933 ld
954 1871 1134 1954 ambiguum
1155 1878 1210 1950 est,
1242 1878 1346 1932 utrum

228 1966 309 2033 liber
329 1967 436 2032 ultima
463 1968 642 2036 Catholicae
673 1991 744 2054 pars
767 1992 806 2032 an
829 1967 985 2053 singulare
1015 1992 1091 2056 opus
1113 1966 1220 2049 fuerit,
1253 1974 1345 2047 atquc

228 2056 289 2133 hoc
321 2068 384 2132 iam
411 2067 440 2130 ei
461 2068 510 2132 cui
542 2078 637 2136 totam
666 2069 805 2134 notitiam
842 2069 989 2134 debemus
1023 2070 1205 2152 ambiguum
1242 2066 1343 2147 fuisse,

229 2168 394 2233 ostendunt
409 2169 486 2235 hacc
499 2170 565 2256 ipsa
579 2169 642 2233 eius
654 2170 749 2236 verba
771 2168 818 2231 ἐπὶ
839 2166 873 2232 δὲ
893 2175 954 2241 τοῖς
976 2166 1068 2233 εἴκοσι
1090 2166 1119 2230 ἐν
1141 2167 1225 2251 ἄλλῳ
1241 2165 1343 2246 βιβλία

228 2266 262 2331 τὸ
286 2265 503 2349 diapasmata
526 2264 607 2342 εἶδος
637 2270 700 2333 κτλ.
728 2269 939 2351 παραδέδοται.
983 2267 1126 2355 Apparet
1157 2267 1191 2332 id
1217 2276 1341 2334 tantum

228 2369 255 2434 ei
278 2368 457 2435 Catholicae
479 2369 657 2456 exemplari,
679 2389 740 2452 quo
762 2369 846 2434 idem
867 2368 921 2433 ille
942 2366 1164 2453 grammaticus
1191 2389 1264 2431 usus
1291 2374 1344 2447 est,

227 2467 313 2531 hunc
333 2466 445 2532 librum
477 2468 617 2533 additum
642 2469 743 2551 fuisse,
773 2469 934 2551 elucetque
966 2470 1050 2534 erei
1079 2477 1199 2550 natura,
1230 2466 1262 2532 id
1283 2488 1347 2531 non

229 2568 324 2632 semel
347 2591 413 2634 esse
437 2569 562 2637 factum.
605 2569 655 2634 Ex
676 2593 714 2635 eo
737 2590 813 2634 vero
845 2569 930 2652 quod
949 2569 1083 2634 Ioannes
1116 2566 1347 2632 Alexandrinus

229 2666 261 2734 ia
281 2668 440 2756 prooemio
470 2668 563 2734 libelli
584 2670 631 2734 sui
659 2669 747 2753 λόγου
779 2668 847 2752 περὶ
869 2667 1035 2742 συντάξεως
1065 2667 1105 2731 ad
1133 2667 1348 2754 prosodiarmu

213 2805 216 2816 =
230 2768 399 2834 doctrinam
413 2771 614 2835 excolendam
626 2770 813 2857 permultum
828 2769 932 2836 valere
949 2770 1039 2835 docet
1058 2769 1101 2853 (p.
1120 2761 1162 2849 d),
1184 2764 1347 2831 Leutzium

230 2869 396 2952 quidquam
430 2868 480 2932 vel
508 2870 673 2944 coniecisse
709 2872 820 2936 miror:
853 2869 885 2934 ia
916 2868 1026 2934 codem
1057 2865 1215 2953 prooemio
1244 2866 1348 2930 ortho-

231 2969 394 3053 graphiam
416 2988 538 3053 quoque
566 2971 671 3055 magni
693 2970 842 3038 momenti
871 2991 937 3034 esse
958 2969 1092 3034 Ioannes
1119 2974 1348 3043 commemorat,

230 3068 284 3133 sed
306 3068 373 3149 quis
396 3068 661 3155 Orthographiam
683 3094 740 3158 pro
763 3068 943 3135 Catholicae
964 3079 1054 3155 parte
1074 3068 1189 3131 habere
1209 3061 1347 3128 auserit?

291 3166 361 3231 lam
380 3168 475 3254 igitur
496 3169 535 3236 de
557 3169 735 3237 Catholicae
757 3169 836 3234 libro
857 3168 951 3234 XXI.
975 3167 1127 3251 (utorhac
1142 3162 1349 3252 appellatione

229 3268 386 3333 brevitatis
408 3270 511 3352 causa)
534 3269 681 3356 expositis
713 3268 886 3353 quaemihi
914 3289 989 3332 vera
1021 3289 1087 3333 esse
1115 3266 1180 3329 visa
1207 3272 1288 3344 sunt,
1308 3262 1366 3339 ad,
1448 3334 1450 3336 ,
1486 3307 1487 3362 ,

231 3367 314 3432 aliud
336 3367 548 3455 disputationis
571 3379 805 3456 nostraecaput
820 3378 954 3449 transeo,
976 3366 1142 3450 quodcum
1151 3359 1347 3445 hacquaesti-

232 3489 291 3532 one
311 3467 462 3540 artissimo
483 3468 639 3535 cohaeret.
682 3468 920 3536 Examinandae
950 3468 1033 3533 enim
1053 3476 1124 3531 sunt
1145 3486 1199 3530 cae
1220 3460 1350 3530 Arcadii

232 3577 344 3653 partes,
377 3588 452 3651 quas
482 3591 545 3633 non
577 3570 780 3637 eCatholica
808 3577 982 3656 excerptae,
1012 3566 1067 3632 sed
1088 3566 1126 3629 ab
1148 3564 1349 3651 epitomatore

295 3817 315 3882 ¹)
333 3833 358 3881 p.
371 3819 427 3879 702,
448 3818 479 3866 17
499 3813 648 3872 υποιαιιτὲον
666 3814 692 3867 δὲ
710 3815 738 3884 τῇ
757 3811 821 3881 tatu
837 3812 877 3863 καὶ
895 3811 926 3864 τὰ
943 3810 972 3864 ἐν
990 3809 1130 3880 συναλοιφῇ
1147 3806 1279 3878 λεγόμενα,
1298 3803 1352 3860 οἷον

259 3939 264 3950 .
333 3899 426 3972 κάγώ.
477 3916 481 3922 ’

292 4023 317 4092 ²)
335 4024 416 4073 Vides
440 4023 532 4089 igitur,
559 4027 620 4088 apte
644 4019 772 4090 διαστολῆς
789 4020 927 4085 singulari,
953 4018 1115 4086 συναλοιφῶν
1133 4015 1227 4082 plurali
1244 4027 1352 4063 numero

333 4126 390 4161 esse
407 4110 542 4175 scriptum.
563 4135 593 4144 —
614 4107 676 4158 Sino
694 4107 773 4156 dubio
792 4107 841 4156 hoc
858 4110 972 4155 tractatu
990 4120 1051 4156 usus
1074 4108 1112 4153 est
1129 4101 1266 4166 Philippus
1293 4114 1351 4148 cum

330 4192 384 4266 περὶ
394 4193 546 4262 συναλοιφῆς
562 4196 785 4252 commutaretur,
804 4192 873 4240 idem
888 4192 934 4240 ille
952 4190 997 4257 qui
1015 4187 1072 4259 περὶ
1090 4184 1240 4255 πνευμάτων
1258 4182 1353 4235 ἐκτῶν

332 4276 490 4351 Ἡρωδιαιςοῦ
508 4278 571 4331 κατὰ
588 4285 714 4347 στοιχεῖον,
726 4277 829 4342 scripsit
847 4275 930 4343 (Snid.
948 4293 970 4332 s.
988 4274 1035 4339 π).
