3009 4709
730 346 752 418 2

669 446 809 464 Ὧννννυννν

177 562 366 649 interposita.
381 570 410 641 ¹)
452 564 622 632 Praeterea
647 566 730 632 idem
752 568 1040 635 commentariolum
1060 572 1153 637 etiam
1174 576 1294 639 seiunc-
1387 559 1389 564 ι

177 665 231 728 tim
254 664 487 730 describebatur
517 664 555 729 ad
576 666 771 731 instruendos
792 678 864 753 apto
886 671 1046 755 prooemio
1069 672 1229 757 Apollonii
1251 674 1291 739 de

177 765 402 829 constructione
431 763 526 836 libros
549 764 680 851 (Egger,
703 766 766 851 Ap.
789 768 886 852 Dysc.
909 792 940 855 p.
963 770 1004 854 7).
1047 772 1107 835 His
1128 755 1223 857 igitur
1244 785 1289 839 tc·

176 865 325 931 stimoniis
353 864 420 929 fere
440 863 514 929 solis
535 864 594 929 nisi
616 865 654 929 de
676 865 850 931 Herodiani
874 869 936 932 vita
957 871 1035 935 haec
1056 874 1199 958 proferre
1221 896 1289 958 pos-

175 990 289 1033 sumus.
340 963 439 1029 Natus
473 974 518 1028 est
552 963 776 1048 Alexandriae,
815 979 905 1052 patre
937 970 1105 1055 Apollonio
1138 971 1288 1056 Dyscolo,

175 1065 340 1132 Mnesithei
362 1075 392 1130 et
413 1060 571 1129 Ariadnae
592 1061 664 1126 filio.
709 1062 762 1126 Ab
784 1064 844 1129 hoc
863 1065 960 1149 igitur
980 1065 1183 1149 grammatico
1206 1069 1286 1133 cele-

174 1165 311 1232 berrimo
338 1165 493 1229 institutus
520 1171 613 1245 atquo
635 1161 772 1227 cruditus
802 1163 935 1229 Romam
965 1166 1121 1249 profectus
1143 1177 1206 1248 est,
1238 1168 1292 1233 ubi

175 1264 219 1332 M.
235 1266 388 1330 Antonini
399 1261 590 1349 imperatoris
613 1261 744 1345 gratiam
766 1263 823 1327 sibi
844 1262 1028 1328 conciliavit.
1051 1264 1102 1329 De
1123 1287 1213 1328 cansa
1236 1288 1291 1331 cur

174 1367 305 1450 patriam
326 1362 484 1449 reliquerit
505 1362 677 1426 dubitatum
704 1384 773 1427 esse
792 1362 923 1429 videtur.
967 1363 1071 1430 Unam
1093 1366 1176 1429 hanc
1197 1367 1289 1431 fuisse

173 1464 314 1546 tradunt,
337 1463 420 1549 quod
442 1472 531 1549 pater
561 1484 729 1527 novercam
761 1463 886 1527 domum
915 1462 1088 1544 induxerit3
1111 1463 1226 1547 altera,
1258 1468 1291 1530 in

175 1588 237 1651 qua
269 1564 434 1630 referenda
462 1561 612 1627 librorum
639 1562 811 1648 scripturae
839 1562 1037 1645 dissentiunt,
1066 1564 1124 1627 sita
1146 1576 1212 1629 erat
1233 1575 1287 1629 aut

173 1662 206 1728 in
226 1662 344 1729 acerbis
365 1662 684 1747 Apolloniimoribus
705 1660 768 1746 (διὰ
787 1661 821 1725 τὸ
845 1661 956 1727 ἐκείνου
981 1664 1108 1747 σκληρόν
1131 1664 1198 1730 cod.
1217 1666 1289 1729 Par.

173 1763 273 1845 2603,
306 1784 403 1849 eaque
436 1764 546 1827 melior
574 1762 665 1827 lectio
692 1786 760 1828 esse
780 1763 918 1845 videtur)
948 1775 1001 1826 aut
1031 1766 1118 1828 inre
1147 1765 1289 1830 familiari

174 1861 236 1945 (διὰ
262 1861 311 1926 τὸν
334 1860 439 1925 οἰκεῖον
469 1865 580 1946 κλῆρον
603 1862 678 1927 Ald.
709 1871 739 1927 et
759 1862 875 1947 sylb).
917 1864 1026 1947 Atque
1052 1865 1112 1929 hoo
1134 1867 1219 1951 quod
1240 1865 1286 1929 nl·

173 1964 248 2027 timo
269 1963 339 2027 loco
361 1960 447 2047 posui
470 1962 562 2026 etiam
579 1961 800 2027 Constantinus
812 1963 952 2027 Lascaris
973 1986 1030 2048 pro
1051 1987 1125 2029 vcro
1146 1966 1289 2028 habuisse

172 2062 344 2146 videtur‚²)
372 2062 430 2126 nisi
459 2062 538 2127 forte
567 2073 675 2128 notam
703 2063 865 2149 Apollonii
886 2073 1098 2149 paupertatem
1121 2074 1235 2127 temere
1256 2063 1287 2126 in

172 2162 272 2228 filium
294 2160 455 2227 transtulit.
500 2161 565 2246 Sed
593 2172 628 2226 ut
649 2162 742 2244 haec,
775 2185 855 2247 quae
876 2161 1022 2226 levissimi
1050 2164 1200 2227 momenti
1221 2186 1288 2232 esse

173 2282 264 2327 nemo
292 2261 438 2345 negabit,
467 2260 640 2326 mittamus:
669 2262 854 2346 imperatore
883 2262 1067 2327 adhortante
1089 2262 1287 2327 Herodianus

175 2385 289 2448 magna
318 2361 373 2424 illa
401 2383 495 2446 opera
523 2385 602 2447 quae
631 2362 670 2427 de
691 2363 838 2450 prosodia
863 2365 995 2446 egerunt
1023 2361 1142 2425 Rornae
1164 2383 1286 2447 compo-

174 2464 242 2529 suit.
286 2461 417 2528 Librum
450 2460 534 2526 cuius
565 2461 671 2525 titulus
704 2461 865 2544 συμπόσιον
897 2472 962 2525 erat
994 2460 1131 2526 Puteolis
1164 2461 1288 2547 scripsit

175 2561 298 2648 (Steph.
334 2560 410 2646 Byz.
441 2584 464 2623 s.
494 2582 524 2623 r.
557 2557 770 2643 Δικαιάρχεια).
812 2561 966 2626 Docendo
996 2582 1121 2644 quoque
1150 2559 1285 2623 studium

172 2662 391 2745 grammaticae
418 2682 488 2725 eum
509 2660 629 2725 Romae
650 2662 771 2725 auxisse
792 2685 850 2746 pro
873 2684 948 2726 vero
970 2662 1170 2740 haberemuS,
1192 2660 1286 2725 etiarn

172 2763 198 2825 si
226 2759 366 2825 Lasoaris
390 2782 454 2824 non
475 2760 614 2824 referret.
656 2759 741 2824 Num
764 2760 889 2846 quando
912 2757 1138 2823 Alexandriam
1159 2758 1287 2823 redierit

171 2860 277 2945 ibique
299 2858 487 2941 aliquamdiu
508 2860 635 2940 vixerit,
667 2858 830 2923 nescimus.
873 2858 957 2923 Nam
979 2881 1064 2924 mera
1084 2858 1285 2943 neglegentia

172 2983 240 3026 esse
260 2960 391 3041 videtur,
422 2959 448 3023 si
471 2961 564 3024 verba
585 2956 658 3044 ᾤκει
685 2958 715 3021 ἐν
737 2958 895 3042 Προυχεῖῳ
923 2956 1005 3041 παρὰ
1039 2957 1088 3022 τὸν
1111 2956 1233 3039 δρόμον,
1255 2955 1285 3019 ἐν

170 3058 252 3143 τόπῳ
282 3056 361 3122 οὕτω
391 3058 566 3142 καλουμένῳ
593 3058 660 3141 περὶ
688 3057 739 3141 τὴν
763 3055 996 3140 Ἀλεξάνδρειαν,
1025 3059 1098 3122 ἔνθα
1118 3056 1168 3121 καὶ
1189 3056 1284 3138 ἐτάφη

169 3160 203 3223 in
223 3159 287 3223 vita
308 3157 423 3223 codicis
443 3158 574 3222 Parisini
596 3159 635 3224 de
657 3158 837 3224 Herodiano
858 3159 1074 3245 proferuntur3
1103 3157 1200 3221 multo
1221 3176 1285 3218 me·

169 3258 228 3325 lior
248 3259 284 3324 iis
316 3258 401 3323 locus
423 3268 469 3322 est
490 3259 573 3344 apud
593 3257 728 3339 Aldum,
759 3256 812 3322 ubi
834 3257 874 3321 ad
895 3256 1056 3343 Apollonii
1076 3258 1171 3320 vitam
1190 3256 1284 3341 perti·

168 3369 253 3425 nent.
288 3358 402 3444 Neque
423 3359 483 3424 hoc
503 3356 662 3423 Ammiani
683 3357 752 3423 loco
776 3357 837 3441 (22,
862 3358 913 3440 16)
937 3356 1136 3436 „Bruchion‚
1166 3354 1280 3417 diutur-

169 3479 245 3524 num
281 3458 503 3545 praestantium
535 3457 696 3521 hominum
728 3456 932 3536 domicilium,
967 3455 1052 3519 unde
1083 3454 1284 3518 Aristarchus

169 3552 387 3644 grammaticae
414 3555 460 3621 rci
482 3555 571 3621 donis
592 3555 750 3621 excellens
773 3564 804 3619 et
834 3553 1033 3618 Herodianus
1054 3553 1166 3619 artium
1185 3552 1284 3615 minu-

142 3656 301 3724 tissimus
330 3655 500 3722 sciscitator
539 3666 570 3722 et
603 3653 717 3724 Saccas
745 3654 931 3719 Ammonius
961 3653 1078 3718 Plotini
1109 3653 1280 3737 magistcr“

169 3759 294 3842 (quibus
322 3756 423 3821 vorbis
444 3756 538 3842 paulo
561 3766 632 3842 post
652 3754 785 3841 Didymi
807 3754 922 3818 mentio
943 3753 1080 3837 additur)
1113 3753 1282 3839 quidquam

168 3858 244 3923 certi
267 3857 307 3924 de
327 3856 381 3921 illa
401 3876 437 3920 re
458 3855 612 3921 discimus.
651 3852 734 3918 Nam
755 3852 858 3917 unde
879 3852 1060 3919 adverbium
1081 3852 1281 3932 demonstrat,

169 3999 474 4012 w-——u-u

229 4088 251 4156 ¹)
271 4087 346 4137 Banu
363 4088 382 4136 1.
402 4102 423 4136 o.
443 4086 533 4137 Osann
552 4100 577 4149 p.
597 4086 656 4133 306.

227 4207 249 4273 ἵ)
270 4203 483 4259 cicatricentur
502 4202 661 4277 ἀποδημήσας
678 4212 719 4275 τῆς
737 4200 860 4274 πατρίδος.
878 4203 970 4252 Iriarte
985 4201 1059 4254 codd.
1081 4202 1158 4255 Matr.
1178 4216 1203 4266 p.
1224 4201 1283 4250 189.

269 4245 365 4330 runai.
384 4278 418 4326 aa
436 4294 464 4341 p,
487 4277 546 4330 mr.
