3009 4709
196 556 369 643 posteriore
397 567 432 623 ut
460 560 583 625 videtur
614 559 755 647 tempore
786 563 918 651 scriptae
950 574 1072 630 exstant
1104 565 1163 644 (La
1190 563 1310 647 Roehe,

197 657 289 739 Text,
311 658 448 725 Zeichen
469 670 525 726 ete.
547 685 578 746 p.
604 662 645 738 l).
689 661 799 748 Itaque
820 665 852 727 in
867 664 1069 729 diiudicandis
1090 665 1218 749 singulis
1239 665 1311 729 satis

196 757 327 822 multum
345 761 472 825 interest
485 763 573 843 seire,
596 762 635 825 ad
647 772 748 827 utrum
765 787 864 848 genus
878 788 972 829 unum
986 766 1131 851 quodque
1142 767 1309 852 pertineat,

196 879 288 944 saepe
310 881 385 925 vero
413 860 490 924 nibil
519 883 618 947 paene
651 863 726 926 certi
755 865 857 928 adhue
885 865 924 928 de
956 889 992 930 ea
1012 888 1047 929 re
1073 866 1163 929 statui
1197 876 1309 952 potest.

195 957 344 1023 Attamen
366 961 514 1025 nonnulla
535 962 708 1027 Beccardus
731 965 820 1028 docta
843 988 879 1029 ac
899 964 1004 1030 subtili
1034 965 1239 1050 disputatione
1258 986 1310 1028 ex-

195 1058 329 1143 ploravit
350 1060 402 1142 (de
424 1061 520 1126 schol.
541 1062 574 1125 in
596 1061 634 1126 Il.
659 1061 738 1126 Ven.
762 1086 790 1148 p.
814 1065 945 1150 lsqq.).
981 1063 1077 1127 Verbi
1100 1064 1201 1148 gratia
1221 1063 1311 1129 intol-

195 1157 281 1237 lexit,
303 1160 341 1223 ab
363 1160 409 1240 iis,
431 1183 510 1245 quae
530 1162 761 1248 antiquissimae
782 1164 969 1229 scholiorum
997 1164 1188 1229 Venetorum
1215 1167 1310 1251 partis

193 1268 299 1322 auctor
320 1261 424 1342 (quent
446 1261 704 1325 sclroliastam
735 1267 809 1327 κατ’
841 1263 947 1345 ἐξοχὴν
969 1265 1121 1340 nominat)
1149 1266 1224 1350 ipsis
1245 1265 1310 1350 ple-

192 1359 323 1446 rumque
343 1358 517 1424 Herodiani
539 1362 642 1425 verbis
664 1364 855 1449 conscripsit,
889 1364 1122 1448 distinguendas
1149 1385 1215 1428 esse
1236 1365 1310 1429 alias

193 1457 413 1540 adnotationes,
435 1460 606 1544 posteriore
628 1471 769 1547 ternpore
791 1464 919 1528 additas.
962 1465 1001 1528 ln
1018 1486 1054 1528 eo
1070 1474 1171 1528 autem
1187 1464 1309 1542 erravit,

194 1557 277 1641 quod
291 1557 369 1622 haec
380 1558 495 1623 scholia
508 1561 559 1624 uni
577 1561 696 1627 homini
707 1585 800 1648 quem
816 1565 1113 1649 epitomatorem
1131 1563 1203 1627 dicit
1215 1564 1309 1628 tribu·

194 1656 272 1721 enda
303 1680 370 1722 esse
399 1660 532 1740 censuit,
566 1671 638 1725 sunt
659 1664 751 1744 enirn,
785 1675 818 1728 ut
839 1675 926 1729 recte
954 1664 1032 1727 dixit
1057 1662 1308 1746 Sengebusohius

194 1756 277 1836 (diss.
299 1757 323 1820 I.
347 1782 379 1845 p.
392 1760 457 1841 41),
480 1781 536 1844 per
557 1761 656 1825 varias
676 1786 787 1826 manus
809 1762 928 1844 collata,
952 1763 1035 1848 quod
1057 1786 1074 1827 e
1093 1762 1179 1825 varia
1200 1783 1309 1827 eorum

193 1856 291 1921 forma
312 1859 458 1943 cognosci
482 1882 571 1945 posse
593 1862 735 1926 arbitror.
781 1863 823 1926 Hi
846 1863 942 1947 igitur
964 1863 1180 1948 epitomatores
1203 1874 1234 1927 ct
1251 1863 1309 1948 ipsi

193 1957 366 2022 Herodiani
387 1962 557 2025 sententias
580 1964 760 2042 attulerunt,
784 1985 885 2048 neque
907 1973 1011 2027 tamen
1032 1962 1105 2048 ipsis
1125 1964 1189 2027 eius
1207 1966 1309 2028 verbis

192 2059 239 2122 usi
261 2068 343 2123 sunt.
388 2059 459 2138 Quo
483 2061 596 2124 factum
619 2072 673 2142 est,
695 2072 729 2124 ut
754 2062 960 2148 compluribus
981 2062 1055 2127 locis
1078 2063 1188 2127 eadem
1208 2063 1308 2127 Hero-

194 2157 275 2222 diani
297 2159 456 2224 adnotatio
479 2160 592 2246 duplici
617 2163 716 2226 forma
737 2162 827 2226 nobis
851 2162 963 2225 tradita
984 2162 1033 2243 sit,
1055 2163 1139 2225 velut.
1159 2163 1198 2226 ad
1215 2166 1242 2226 A
1257 2165 1318 2253 lida

193 2261 215 2321 r
239 2258 308 2322 ras.
328 2260 350 2321 a
371 2258 442 2325 aas.
466 2260 536 2325 ara.
558 2264 570 2324 1
591 2262 652 2326 aaa
675 2271 706 2325 a
727 2261 810 2325 aura
852 2261 934 2326 Puro
957 2220 1503 2347 aurem,aprr0mar01a.N„y

193 2379 255 2421 non
276 2359 377 2443 ipsum
399 2381 476 2445 opus
497 2361 738 2441 Herodianeum,
761 2362 815 2426 sed
827 2371 973 2446 excerpta
990 2363 1173 2427 scholiastae
1194 2362 1308 2426 incon-

192 2458 361 2524 scribendis
392 2462 454 2524 suis
474 2462 598 2526 scholiis
620 2461 807 2541 adhibuisse,
837 2483 1022 2547 quamquam
1055 2463 1122 2526 fieri
1143 2463 1253 2548 potuit,
1276 2471 1310 2524 ut

193 2580 270 2622 unus
291 2561 343 2626 vel
364 2563 442 2625 alter
470 2584 693 2646 nonnunquam
722 2561 893 2649 pleniorem
925 2562 1056 2626 formam
1073 2573 1307 2647 ¹excerptorum

192 2660 316 2725 illorum
338 2685 431 2746 quarn
452 2685 508 2727 nos
530 2670 601 2728 ante
623 2662 728 2727 oculos
749 2664 889 2727 haberet.
932 2660 1044 2747 Neque
1074 2670 1176 2724 tamen
1208 2661 1308 2723 ullum

191 2760 295 2824 locum
315 2761 428 2842 inveni,
451 2760 503 2826 ubi
524 2785 582 2848 pro
605 2772 690 2827 certo
712 2762 772 2826 dici
792 2760 900 2848 possit,
932 2781 969 2823 ea
991 2780 1070 2846 quae
1092 2760 1307 2844 epitomatores

192 2862 405 2947 excerpserint
425 2861 458 2925 in
479 2863 660 2926 scholiastae
682 2861 881 2926 adnotatione
903 2883 966 2924 non
991 2859 1130 2942 reperiri.
1173 2859 1211 2922 Id
1232 2878 1306 2922 vero

192 2960 498 3026 commemorandum
520 2971 573 3041 est,
595 2983 819 3046 nonnunquam
841 2960 872 3024 in
887 2958 992 3023 codice
1012 2957 1136 3022 Veneto
1153 2957 1229 3022 duas
1243 2957 1308 3042 legi

192 3059 404 3124 adnotationes
436 3061 474 3126 de
495 3060 640 3148 prosodia
672 3074 811 3144 agentes,
841 3081 921 3143 quae
953 3057 993 3120 ad
1024 3080 1120 3120 unum
1152 3068 1307 3122 auctorem

193 3160 303 3225 referri
321 3182 385 3225 non
399 3173 536 3246 possunt.
569 3160 709 3240 Quarum
726 3184 787 3224 una
798 3159 922 3244 quidem
937 3157 1110 3222 Herodiani
1132 3169 1188 3238 est,
1212 3158 1308 3222 altera

194 3281 233 3326 ex
247 3258 305 3324 alio
322 3260 457 3345 quodam
469 3263 689 3326 commentario
711 3261 762 3326 vel
778 3282 872 3345 opere
886 3258 1087 3344 grammatico
1100 3258 1254 3342 adscripta
1271 3259 1307 3340 ¹).

193 3361 216 3423 B
232 3360 293 3423 755
308 3359 523 3424 Herodianus:
545 3358 708 3445 ἀπορρῶξι
732 3362 931 3444 Ἀρίσταρχος
953 3356 1100 3430 ὀξυτόνως
1115 3354 1158 3428 ὡς
1175 3360 1308 3420 θυλακο-

193 3458 273 3543 τρώΕ
293 3458 343 3522 καὶ
362 3482 382 3543 η
405 3461 538 3533 adriaci<
560 3461 593 3525 δὲ
613 3467 700 3526 τοῦτο
724 3458 849 3539 ἀπαιτεῖ,
871 3456 914 3521 ὅτι
934 3456 969 3520 ἂν
985 3455 1120 3540 σημαίνῃ,
1143 3454 1201 3520 εἴτε
1210 3454 1308 3530 πάθος

193 3558 250 3624 εἴτε
272 3558 426 3643 ἐνέργειαν.
450 3560 555 3625 Alius:
578 3558 720 3645 ἀπορρωξ
742 3558 776 3623 δὲ
796 3556 945 3630 ὀξυτόνως
970 3554 1020 3638 μὲν
1043 3553 1190 3639 ἀπορροή,
1213 3559 1308 3639 βαρυ-

193 3661 289 3735 airu<
317 3660 350 3725 δὲ
372 3660 558 3745 ἀπόρρηγμα.
600 3660 708 3727 Potest
735 3661 813 3724 haec
841 3655 996 3723 sententia
1027 3655 1068 3719 ad
1095 3655 1307 3721 Ptolemaeum

193 3760 405 3826 Ascalonitam
425 3762 544 3841 referri,
567 3761 619 3846 qui
639 3761 717 3825 tales
739 3758 948 3823 distinctiones
973 3754 1006 3818 in
1029 3754 1181 3840 ponendis
1202 3777 1308 3819 accen-

193 3863 273 3927 tibus
295 3862 427 3925 amabat.
470 3857 620 3927 Maiorem
641 3858 891 3947 probabilitatem
914 3856 1017 3937 habet,
1046 3853 1185 3920 eiusdem
1206 3876 1309 3939 gram·
1494 3923 1503 3958 ί

256 4101 277 4170 ¹)
296 4100 457 4150 Aristonicus
484 4113 585 4163 quoque
617 4097 764 4162 prosodiam
789 4094 963 4160 compluribus
990 4092 1053 4142 locis
1080 4087 1208 4153 respexit,
1236 4087 1309 4135 velut

296 4186 360 4237 adB
380 4188 437 4235 189.
458 4184 477 4235 Ζ
495 4186 554 4234 289.
574 4183 595 4233 Κ
614 4185 671 4234 335.
690 4181 781 4232 T402.
817 4181 879 4229 Eius
899 4184 987 4228 autem
1005 4177 1161 4227 scholiorum
1180 4172 1307 4222 rationem

302 4273 346 4323 hic
363 4287 416 4323 non
433 4271 521 4323 habui.
