3009 4709
687 304 785 410 ..Vll
808 399 814 407 ,

243 527 356 592 Altera
388 550 483 614 quam
515 528 578 593 dixi
605 527 761 616 inscriptio
790 539 836 595 cst
876 531 979 614 μερνκή
1016 531 1183 614 προσῳδία,
1206 554 1297 617 quam

180 629 213 692 in
235 627 299 692 vita
313 627 474 712 Apollonii
496 638 527 692 ct
545 627 719 693 Herodiani
741 653 834 715 supra
856 642 1095 695 commemorata
1115 632 1297 696 invenimus,

183 726 273 807 Quae
295 730 319 793 si
341 738 424 792 recte
445 748 478 799 se
500 729 612 810 habet,
642 730 837 794 statuendum
858 730 947 795 nobis
968 739 1029 810 est,
1059 733 1238 817 scriptorem
1262 754 1299 796 ca

183 848 276 914 opera
297 826 472 916 significare
492 830 627 894 voluisse
649 847 745 911 quae,
779 853 847 893 cum
869 840 973 918 partos
994 841 1115 894 tantuna
1137 831 1299 916 prosodiae

183 926 385 1008 continerent,
408 925 586 993 Catholicae
598 925 683 1006 quasi
700 926 840 1009 opposita
860 940 977 1008 ossent3
999 941 1089 1011 atque
1105 930 1181 993 hacc
1200 939 1298 1008 erant,

183 1027 288 1112 quoad
308 1051 364 1093 nos
384 1027 504 1106 scimus,
528 1047 624 1109 opera
646 1022 685 1088 dc
706 1025 852 1111 prosodia
874 1026 1041 1093 Homerica
1063 1038 1093 1092 ct
1123 1029 1164 1094 dc
1185 1029 1297 1094 Attica.

180 1127 266 1193 Num
277 1137 379 1193 autem
401 1145 513 1209 quaeso
524 1124 590 1189 veri
612 1133 657 1186 est
673 1123 781 1203 simile,
804 1125 896 1192 hosce
908 1128 983 1191 duos
999 1126 1094 1193 libros
1109 1139 1173 1192 tam
1186 1128 1300 1193 diversi

183 1226 359 1313 argumenti
380 1249 444 1292 uno
465 1223 590 1290 nomine
611 1246 629 1285 a
651 1243 806 1308 quoquam
824 1225 916 1290 fuisse
931 1227 1194 1314 conspr-ehensos?
1216 1227 1299 1310 quod

181 1327 308 1409 quidem
327 1349 443 1392 nomen
471 1325 559 1390 alteri
581 1325 690 1389 saltem
711 1325 839 1388 minime
857 1337 960 1411 aptum
978 1338 1039 1408 cst3
1062 1351 1133 1391 nam
1146 1351 1300 1392 commen·
1392 1373 1398 1390 .

183 1428 294 1509 tarius,
330 1446 390 1509 quo
420 1425 480 1491 loci
494 1417 620 1512 'poetae
648 1435 778 1511 propter
804 1424 967 1511 prosodiae
989 1428 1140 1491 rationem
1162 1426 1301 1490 difficiles

182 1537 235 1591 aut
255 1527 340 1592 dubii
362 1523 556 1612 explicantur
576 1545 731 1610 veraeque
753 1546 862 1588 eorum
880 1526 1040 1611 prosodiae
1063 1528 1300 1606 constituuntur,

183 1649 220 1691 ea
242 1648 312 1712 pars
334 1624 496 1712 prosodiae
523 1624 575 1688 vix
597 1633 699 1711 potest
726 1622 882 1709 appellari.
926 1625 1040 1690 Nonne
1067 1627 1164 1690 multo
1192 1628 1301 1712 proba·

182 1726 273 1790 bilius
296 1735 351 1807 est,
375 1725 611 1812 grammaticum
631 1724 720 1788 illum
740 1734 865 1809 praeter
887 1724 1080 1790 Oatlaolicam
1102 1726 1132 1789 id
1156 1748 1234 1812 opus
1248 1748 1301 1790 no·

182 1828 323 1892 minutim
344 1847 616 1905 commemorasse,
649 1825 746 1907 quod,
779 1824 804 1887 si
825 1823 919 1887 libros
940 1824 1133 1907 resplendivit
1156 1825 1300 1910 excipias,

182 1924 456 2014 posththolicam
470 1925 559 1989 facilc
581 1925 717 1990 omnium
739 1923 930 1990 notissimum
953 1936 1045 2007 atque
1068 1925 1325 2000 celeberrimum

184 2037 259 2108 erat,
280 2025 459 2113 prosodiam
481 2015 683 2090 Homericam
702 2025 799 2090 dico‘l
842 2024 977 2089 Accedit
1000 2023 1084 2106 quod
1106 2023 1226 2107 μερικὴν
1255 2048 1301 2088 so-

183 2129 249 2192 lum
269 2125 352 2215 apud
375 2124 493 2189 Aldum
514 2136 560 2206 et,
583 2126 634 2208 qui
657 2148 727 2189 cum
749 2147 787 2190 eo
809 2124 969 2209 congruit,
1000 2121 1204 2207 Sylbaugiuna
1226 2125 1300 2206 legi-

84 2257 89 2266 ·
183 2238 251 2308 tur3
295 2236 326 2292 et
357 2225 456 2292 codex
485 2223 643 2289 Parisinus
676 2235 708 2290 et
733 2221 935 2289 Taurinensis
974 2221 1110 2306 μετρνκήν
1143 2224 1296 2308 praebent.

185 2328 292 2407 Quare
312 2326 389 2391 mihi
411 2326 536 2409 quidem
558 2347 619 2390 non
641 2324 794 2405 audacius
816 2323 872 2388 sed
894 2325 1010 2387 cautius
1032 2344 1098 2387 osse
1119 2323 1251 2402 videtur,
1277 2320 1301 2384 si

183 2429 286 2493 locum
297 2426 357 2490 levi
380 2426 555 2513 corruptela
575 2427 720 2492 allectum
741 2447 809 2490 esse
823 2425 1010 2488 arbitramur
1023 2423 1066 2506 (et
1080 2423 1205 2486 omnino
1218 2420 1302 2486 haud

106 2575 110 2592 .
184 2549 283 2613 pauca
304 2528 379 2592 vitia
399 2521 431 2589 in
452 2525 506 2591 illo
528 2536 659 2589 tractatu
682 2526 798 2608 insunt)
819 2534 851 2589 ct
870 2548 928 2610 pro
950 2521 1070 2606 μερικὴν
1092 2524 1143 2585 rel
1163 2518 1301 2603 μετρνκήν

185 2651 255 2692 cum
266 2624 563 2710 Osanno‘Opnptana
586 2619 782 2704 restituimus,
805 2644 896 2706 quam
918 2625 943 2688 si
955 2645 1037 2687 novo
1059 2633 1150 2704 atque
1166 2619 1302 2688 inaudito

182 2727 273 2793 titulo
294 2725 419 2793 nomina
439 2726 589 2793 librorum
609 2724 783 2791 Herodiani
804 2744 961 2809 augemus.

689 3015 810 3090 IV.

250 3229 319 3293 Iam
341 3226 504 3291 transimus
525 3224 565 3289 ad
586 3246 623 3291 ea
645 3246 748 3309 opera,
779 3220 891 3304 quibus
912 3220 1109 3285 Herodianus
1132 3220 1172 3285 de
1194 3217 1306 3286 oratio·

188 3331 235 3396 nis
256 3329 395 3414 partibus
418 3336 640 3392 commentatus
663 3334 725 3401 est,
759 3334 852 3406 atquc
880 3320 999 3383 initium
1032 3318 1160 3392 lucinius
1181 3343 1198 3381 a
1219 3318 1307 3382 libris

189 3431 229 3497 de
250 3429 434 3507 nominibus,
456 3436 526 3511 post
543 3424 725 3491 Prosodiam
746 3420 948 3486 Homericam
970 3430 1001 3483 ct
1022 3427 1093 3483 ante
1113 3416 1306 3483 Catholicam

190 3527 381 3616 compositis,
411 3545 488 3609 quos
509 3525 575 3611 ipse
597 3522 811 3606 auspicatione<
841 3516 991 3600 ὀνομάτων
1020 3517 1074 3600 (ad
1101 3518 1204 3583 1529.
1228 3518 1305 3597 διχρ.

189 3632 260 3711 286,
285 3631 314 3694 7.
335 3627 420 3693 Mon.
444 3628 494 3707 10,
517 3626 569 3708 24)
601 3624 667 3688 sive
695 3622 831 3687 breviter
863 3621 930 3699 περὶ
964 3615 1115 3698 ὀνομάτων
1138 3617 1190 3698 (ad
1220 3618 1244 3679 E
1274 3616 1303 3680 9.

189 3731 275 3814 266),
296 3725 489 3815 grammatici
501 3724 665 3812 Byzantini
688 3716 860 3802 ὃνοματνκόν
883 3716 1127 3803 appellaverunt.
1172 3711 1308 3795 Heredi-

190 3854 285 3896 anum
306 3827 397 3908 enim,
418 3848 488 3892 cum
510 3826 629 3891 duobus
650 3823 710 3887 illis
732 3817 994 3885 nominationibus
1014 3825 1133 3896 utatur,
1161 3838 1224 3881 non
1246 3813 1306 3877 duo

117 3977 121 3990 ·
191 3954 287 4015 opera
307 3911 398 4013 (quae
419 3923 603 3993 estLehrsii
626 3920 788 4000 sententia,
811 3917 889 3984 Her.
905 3939 935 4002 p.
947 3916 1032 4000 419),
1053 3916 1109 3980 sed
1130 3937 1225 3978 unum
1246 3911 1306 3994 sig-

191 4031 328 4110 nificare,
349 4049 389 4092 ex
411 4050 448 4094 co
470 4024 593 4109 colligo,
616 4022 698 4105 quod
721 4030 751 4083 et
772 4020 809 4084 iis
830 4016 902 4104 ipsis
923 4015 1007 4096 locis,
1033 4014 1085 4082 ubi
1107 4013 1174 4096 περὶ
1194 4007 1307 4090 ὀνομά-

191 4153 251 4195 των
274 4130 364 4210 dicit,
386 4123 426 4193 dc
455 4124 661 4191 declinatione
688 4121 801 4206 agitur,
832 4128 924 4182 etex
946 4115 1141 4193 Onomatico,
1163 4109 1247 4197 quod
1268 4107 1307 4171 ab

193 4252 287 4320 opere
317 4229 384 4313 περὶ
411 4226 539 4298 κλίσεως
568 4221 703 4307 ν’νμάτων
736 4219 893 4284 diversum
927 4238 989 4279 non
1010 4235 1076 4279 esse
1097 4211 1178 4299 apud
1198 4229 1305 4273 omnes
