3009 4709
714 365 811 470 xra

731 459 861 473 νννιΛΛΛΛιν

233 585 284 671 τὶν
299 586 330 652 ἓν
348 590 391 652 coi
403 590 549 675 προοιμίῳ
561 590 711 674 διατριβὴν
730 591 926 675 περιελόντες,
943 591 1161 679 ἐνδεικνυμένων
1179 590 1212 662 τι)
1225 594 1349 680 μέγεθος

232 696 285 774 τῆς
305 688 505 772 πραγματείαις
525 690 574 755 ani
594 694 655 753 τῶν
677 692 822 775 πρότερον
843 692 1036 776 γεγραφότων
1054 688 1087 757 ad
1102 693 1199 769 ἐνδεὲς
1212 695 1343 780 ἐλέγχοο

233 807 305 868 σαν,
328 785 466 853 ἐπάὒτὰ
487 789 595 874 ἥξομεν
616 790 653 855 τὰ
677 791 755 875 πρός
777 791 929 874 ἐπίγνωσιν
950 800 1003 877 τῆς
1030 791 1188 875 ἀναλογίας
1216 798 1342 862 κατεπεί-

231 910 328 969 γοντα.
372 888 485 975 Neque
513 914 589 956 rero
620 891 668 954 his
698 891 818 956 duobus
846 892 921 959 locis
954 892 993 958 de
1021 917 1085 958 una
1112 895 1279 982 eademque
1308 919 1342 961 re

231 988 342 1075 agitur.
369 989 513 1076 Apparet
534 991 626 1072 enim,
649 991 887 1076 epitomatorem
906 994 943 1072 τῇ
965 990 995 1056 ἐν
1017 994 1059 1078 τῷ
1079 996 1226 1080 προοιμίῳ
1241 998 1344 1078 διατρι·

232 1089 270 1171 βῂ
290 1091 393 1154 omnia
415 1110 451 1153 ea
473 1089 609 1154 breviter
629 1089 904 1177 comprehendere,
927 1114 1007 1177 quae
1029 1117 1163 1159 canones
1187 1096 1345 1180 prosodia·

231 1212 282 1254 eos
305 1186 358 1267 (τοι
376 1183 451 1272 πρὸς
472 1188 626 1271 ἐπίγνωσιν
648 1198 701 1273 τῆς
729 1188 890 1272 α’ναλογιάς
910 1193 1132 1278 κατεπείγοντα)
1153 1195 1345 1259 antecedant.

230 1289 332 1354 Aliter
355 1289 564 1375 biographus:
598 1291 802 1376 nequeenim
825 1292 1014 1358 credendum
1044 1302 1099 1375 est,
1130 1292 1344 1359 definitionem

229 1387 313 1453 nude
334 1390 500 1453 canonibus
521 1390 731 1476 praepositam
752 1390 856 1457 fuisse.
893 1390 1000 1469 Quare
1021 1392 1154 1457 arbitror
1174 1393 1256 1456 hanc
1277 1415 1344 1458 rem

230 1490 272 1552 ita
288 1493 359 1554 'sese
380 1489 538 1554 habuisse:
560 1491 650 1554 initio
672 1489 766 1554 totius
789 1493 890 1576 operis
913 1490 1109 1557 Herodianus
1127 1493 1343 1576 imperatorem

230 1587 380 1653 allocutus
402 1599 462 1670 est,
496 1589 585 1653 huius
615 1587 710 1674 ipsius
736 1590 896 1655 admonitu
923 1600 1039 1656 tantam
1067 1614 1133 1656 rem
1167 1611 1344 1675 aggressus,

231 1689 321 1772 eique
348 1689 542 1754 Catholicam
571 1688 744 1754 dedicatam
768 1690 862 1752 fuisse
886 1691 1050 1776 probabile
1077 1701 1123 1756 cst
1151 1694 1255 1777 (atquc
1284 1692 1345 1755 hoc

231 1798 276 1852 est
297 1786 450 1871 προοίμιον
474 1788 558 1874 quod
582 1789 655 1852 dicit
677 1789 893 1872 biographus),
922 1789 992 1855 dein
1020 1791 1176 1876 aptissime
1206 1791 1343 1854 omnium

228 1889 363 1974 primum
384 1912 472 1953 snam
494 1887 659 1974 prosodiae
687 1887 900 1953 definitionem
927 1890 1074 1975 protulit,
1104 1889 1343 1977 explicationem

228 1986 348 2051 addidit
369 1989 459 2070 (haec
481 1988 563 2052 enim
584 1987 671 2051 nullo
692 1987 787 2052 modo
807 1986 907 2073 potuit
930 1990 1028 2053 omitti
1044 1995 1084 2069 ¹),
1106 1990 1245 2075 priorum
1269 1988 1343 2054 defi-
1424 2009 1427 2014 ’

228 2088 362 2151 nitiones
394 2088 549 2152 recensuit
580 2087 804 2173 refutavitquc3
833 2087 967 2173 denique
996 2091 1097 2175 operis
1119 2090 1165 2153 sui
1186 2091 1290 2174 magni
1312 2100 1343 2155 et

229 2185 362 2250 difficilis
384 2186 535 2251 rationem
556 2186 782 2272 consiliumque
804 2189 955 2273 exposuit,
977 2189 1069 2251 simul
1089 2189 1121 2251 in
1143 2188 1281 2274 priorum
1302 2190 1342 2255 de

227 2285 370 2372 prosodia
392 2286 616 2351 commentariis
637 2286 735 2350 mralta
757 2285 923 2352 desiderari
945 2290 1166 2373 comprobavit.

137 2375 142 2382 ⁴
279 2386 420 2473 sDigesta
437 2386 495 2449 fuit
524 2383 685 2451 Catholica
712 2386 744 2449 in
772 2383 884 2471 viginti
910 2386 1021 2470 libros,
1056 2410 1092 2453 ac
1118 2390 1180 2453 iam
1213 2411 1253 2454 ex
1281 2388 1342 2452 hoc

227 2505 358 2563 numero
384 2484 489 2570 colligi
511 2493 637 2571 potest,
667 2494 784 2569 quanto
818 2485 970 2571 copiosius
1006 2509 1082 2574 opus
1110 2487 1339 2554 Herodianeum

226 2585 379 2671 prioribus
411 2584 515 2648 fucrit:
548 2585 734 2671 Apollonius
764 2597 847 2650 certe
878 2585 916 2651 de
941 2586 1092 2672 prosodiis
1113 2589 1249 2672 quinque
1276 2595 1340 2648 tan·

226 2683 384 2749 tummodo
414 2684 500 2749 libris
530 2685 605 2768 egit.
647 2687 693 2747 Αο
720 2685 818 2750 multo
849 2686 986 2749 maxima
1013 2685 1137 2769 quidem
1160 2684 1341 2750 Catholicae

225 2806 306 2869 pars,
329 2782 523 2868 undeviginti
544 2783 665 2870 priores
685 2784 789 2849 libros
806 2784 886 2864 dico,
910 2784 1083 2852 doctrinam
1105 2784 1144 2848 dc
1165 2784 1340 2848 accentibus

224 2884 384 2948 continuit.
407 2883 497 2961 Quae
519 2907 579 2968 qua
600 2884 720 2950 ratione
735 2884 767 2948 in
786 2885 964 2949 universum
986 2883 1131 2969 disposita
1155 2884 1257 2964 fuerit,
1270 2904 1339 2969 per-

223 2983 341 3070 spicere
362 2983 433 3046 licct
454 2984 578 3068 iamque
602 2982 733 3047 dudum.
747 2994 794 3048 cst
821 2989 1017 3069 perspectum
1045 3006 1086 3049 ex
1113 2984 1248 3069 epitoma
1276 2983 1339 3064 illa,

224 3106 304 3168 quae
325 3082 455 3147 Arcadii
479 3106 592 3149 nomen
616 3106 691 3170 prae
712 3106 745 3148 se
767 3083 869 3150 ferens
891 3083 932 3147 ad
954 3095 1093 3148 nostram
1115 3095 1248 3150 aetatem
1268 3105 1339 3168 per-

223 3182 308 3245 venit
324 3185 365 3257 ²).
388 3181 482 3245 Hanc
513 3184 604 3263 enim,
636 3185 776 3269 quamvis
811 3184 892 3249 male
922 3183 1187 3269 neglegenterque
1219 3181 1339 3246 confec·

222 3291 285 3346 tam
309 3286 342 3362 ³)
378 3295 471 3368 atque
502 3281 627 3368 insuper
655 3282 854 3348 librariorum
883 3283 974 3369 eulpa
1006 3283 1174 3361 erroribus,
1210 3279 1337 3355 lacunis,

222 3379 437 3447 additamentis
458 3382 633 3468 turpissime
655 3404 737 3445 nunc
759 3382 914 3461 uitiatam,
946 3392 1049 3444 tamen
1078 3379 1219 3444 ordinem
1240 3376 1336 3440 libro·
1371 3428 1373 3432 ,

220 3481 291 3547 'rum
313 3481 494 3569 Catholicae
516 3489 658 3544 accurate
686 3503 825 3545 servasse
847 3480 884 3542 iis
912 3479 1005 3559 lociS,
1039 3478 1149 3562 quibus
1178 3474 1337 3559 integrum

222 3605 299 3668 opus
320 3583 439 3664 citatur,
461 3579 612 3644 evincitur
633 3600 742 3666 neque,
760 3581 879 3665 opinor,
901 3579 940 3643 ab
963 3577 1027 3641 ullo
1044 3575 1111 3641 viro
1131 3576 1222 3640 docto
1242 3595 1335 3660 nega-

220 3691 291 3747 tura
322 3681 408 3747 Illud
430 3701 554 3765 quoquc
574 3702 667 3746 nemo
690 3702 753 3744 non
774 3679 876 3761 videt,
903 3679 936 3743 in
965 3677 1142 3743 ordinandis
1163 3676 1253 3741 unius
1274 3687 1335 3740 ter·

220 3780 394 3846 minationis
415 3778 571 3844 vocabulis
593 3780 734 3844 ordinem
758 3798 864 3842 earum
885 3776 1060 3858 literarum,
1088 3776 1335 3863 quacermina-

425 3919 526 3932 -υῡ-ὺ-

284 3998 305 4055 ¹)
324 3995 409 4044 Etiam
436 3993 464 4041 in
491 3991 624 4058 Apollonii
655 3991 687 4042 de
714 3990 865 4057 pronomine
896 3992 963 4042 libro
992 3990 1169 4041 definitionem
1197 3985 1335 4054 explicatio

271 4095 274 4099 “
317 4081 434 4146 sequitur
451 4097 476 4145 p.
500 4081 559 4129 270·

275 4184 299 4252 ²)
320 4185 352 4241 V,
370 4185 495 4249 Schmidt,
514 4184 594 4235 Beier.
612 4201 638 4249 p.
656 4186 717 4242 584.
753 4183 853 4238 Ztschr.
871 4184 890 4236 f.
909 4183 935 4235 d.
955 4182 1024 4234 GW.
1049 4185 1079 4232 15
1098 4199 1125 4246 p.
1145 4183 1204 4234 348.

277 4287 300 4357 ³)
322 4289 361 4341 Cf.
382 4289 464 4341 Lohrs
482 4291 516 4341 ad
535 4291 606 4346 Mon.
625 4292 668 4354 40,
689 4292 730 4342 16.
749 4292 793 4353 43,
813 4292 856 4338 34.
