3009 4709
725 656 852 731 ΙΙΙ.

290 856 477 924 Universam
499 858 538 922 de
556 858 708 945 prosodiis
730 859 900 924 doctrinam
927 869 997 945 post
1017 859 1136 923 finitam
1162 860 1342 925 Prosodiam

227 958 428 1024 Homericam
449 958 542 1036 (Hor.
565 959 605 1023 ad
628 960 652 1021 Ο
675 960 750 1036 338)
775 959 973 1025 Herodianus
994 981 1109 1044 magno
1132 983 1225 1046 opere
1246 961 1343 1024 absol·

113 1103 116 1107 -
227 1060 280 1138 rit,
303 1057 385 1144 quod
407 1069 534 1144 propter
548 1060 628 1122 hanc
643 1059 741 1144 ipsam
756 1060 902 1124 materiae
915 1058 1147 1145 amplitudinem
1168 1063 1236 1143 περὶ
1246 1063 1344 1123 καθο-
1392 1095 1404 1116 ·

227 1157 311 1241 λικῆς
332 1157 504 1242 προσῳδίας
532 1158 703 1242 inscripsit,
736 1157 832 1223 semel
853 1162 919 1240 περὶ
949 1156 1193 1241 καθολικιυτέρας
1220 1165 1344 1242 aporp-

228 1257 292 1330 δίας
323 1257 427 1321 scribit
455 1257 509 1333 (de
530 1255 614 1320 Mon.
637 1256 687 1335 34,
702 1257 747 1339 8),
778 1257 844 1321 sine
876 1256 970 1321 dubio
1000 1266 1033 1320 ut
1062 1256 1230 1340 distinguat
1261 1258 1344 1320 hunc

227 1357 341 1421 librum
369 1358 408 1420 ab
430 1355 536 1419 Attica
558 1354 716 1421 Prosodia.
761 1354 896 1420 Causam
927 1355 1134 1441 inscriptionis
1155 1357 1343 1441 biographus

227 1456 270 1519 ita
291 1456 434 1541 exponit:
456 1454 601 1540 καθυλική
620 1454 746 1537 λέγεται,
770 1455 817 1519 ότι
838 1453 896 1519 ἀπό
918 1451 1146 1537 μονοουλλόβυνν
1169 1455 1209 1528 εἰς
1231 1458 1345 1519 συλλα-

228 1555 282 1639 βὰς
303 1557 364 1628 ἕως
391 1549 598 1638 ἑξουυλλόβυνν
632 1552 832 1639 διαλαμβάνει.
877 1555 965 1634 Quae
992 1556 1131 1640 quamvis
1159 1557 1235 1621 mire
1256 1556 1344 1621 'dicta

227 1656 297 1738 sint,
318 1667 422 1722 tamen
444 1656 523 1720 nihil
542 1657 718 1741 significare
747 1666 876 1740 possunt
903 1655 961 1718 nisi
982 1679 1049 1720 rem
1078 1656 1342 1742 simplicissimam,

228 1780 307 1842 quae
327 1757 435 1841 negari
458 1757 581 1839 nequit:
604 1756 821 1821 Herodianum
848 1755 881 1819 in
903 1755 1064 1820 Catholica
1092 1755 1229 1821 omnium
1253 1779 1343 1820 roca-

228 1857 370 1922 bulorum
392 1857 532 1923 Graecae
553 1857 677 1938 linguae
698 1856 857 1942 prosodias
878 1855 1027 1921 docuisse.
1070 1855 1110 1919 Id
1131 1879 1205 1920 vero
1223 1856 1343 1939 biogra-

226 1957 306 2043 phus
335 1957 461 2022 minime
489 1957 593 2023 dicere
622 1956 780 2020 voluit-
801 1965 862 2034 aut,
889 1955 915 2017 si
943 1952 1048 2035 voluit,
1076 1965 1209 2039 nugatus
1237 1964 1282 2017 est
1302 1991 1343 2002 -

181 2068 185 2073 '
227 2055 347 2119 initium
370 2054 548 2121 Catholicae
576 2081 594 2120 a
621 2055 844 2141 monosyllabis
879 2055 973 2120 fuisse
1000 2059 1133 2136 laotum3
1169 2055 1230 2120 imo
1267 2055 1343 2118 haec

227 2166 336 2240 quarto
364 2156 482 2221 decimo
504 2155 629 2220 demum
656 2155 735 2220 libro
757 2155 858 2220 locum
888 2155 1070 2219 habuerunt
1098 2154 1192 2220 Post
1194 2155 1341 2220 orionibus

227 2256 416 2342 temporibus
439 2255 571 2322 brevis
562 2256 690 2341 mscript
691 2255 719 2320 io
741 2253 760 2337 ἡ
783 2256 929 2338 attolat
952 2255 1017 2320 sive
1038 2253 1057 2337 ἠ
1078 2248 1240 2319 καθόλου
1232 2276 1264 2316 m
1284 2247 1472 2371 κενῇ
1469 2265 1472 2310 ι

228 2368 294 2422 erat
322 2368 416 2442 atque
446 2356 489 2419 ita
514 2357 581 2422 fere
605 2378 729 2441 semper
763 2354 843 2419 liber
874 2355 1095 2440 appellabatur,
1128 2362 1287 2440 practerea
1313 2348 1342 2413 αἱ

228 2455 360 2521 καθόλου
395 2454 560 2542 προσῳδίαι
594 2453 715 2542 (steph.
751 2454 831 2535 Byz.
860 2477 890 2539 p.
920 2455 990 2536 282,
1019 2453 1061 2536 2),
1101 2453 1238 2518 aConst
1226 2450 1342 2515 tantine

227 2556 353 2621 Lassari
375 2549 620 2641 υιίοιυὴμεγόλη
642 2555 799 2638 προσῳδόα
821 2553 947 2630 (Iriarte
968 2576 998 2638 p.
1025 2554 1091 2617 189.
1115 2553 1192 2633 191).
1214 2549 1342 2614 Priscia-

228 2679 286 2720 nus
316 2655 477 2721 Catholica
503 2654 614 2742 plurali
641 2677 770 2719 numero
798 2653 872 2717 dicit
901 2655 927 2729 (l
947 2675 977 2737 p.
1000 2652 1088 2733 276);
1122 2671 1343 2732 nonnunquam

228 2757 336 2821 vitiose
364 2757 395 2820 ἒν
424 2760 466 2839 τῷ
498 2753 630 2819 καθόλου
664 2753 790 2817 citatum
823 2751 1005 2819 invenimus.
1049 2748 1213 2813 Praeterea
1240 2757 1342 2810 autem

228 2857 280 2921 hic
300 2876 423 2941 quoque
444 2853 617 2919 invenimus
639 2864 747 2919 notum
767 2853 855 2916 illum
876 2874 1003 2932 morem,
1033 2872 1094 2933 quo
1122 2858 1224 2933 partes
1254 2847 1343 2911 unius
1375 2871 1377 2878 ¹

229 2955 387 3021 cuiusdam
410 2955 510 3041 operis
542 2954 674 3041 propriis
702 2953 877 3017 nominibus
910 2951 1052 3015 citantur.
1095 2947 1144 3012 Ita
1163 2947 1345 3035 producitur

228 3055 425 3122 Herodianus
448 3054 477 3116 ab
498 3061 559 3128 τοῖς
590 3050 630 3127 εἷς
651 3056 695 3125 λις
717 3052 827 3138 Steph.
849 3075 880 3137 p.
902 3051 953 3132 26,
974 3050 1027 3130 20,
1061 3047 1091 3112 ι-’ν
1112 3041 1343 3133 τρισκαιδεκάτῳ

229 3157 296 3239 περὶ
329 3153 496 3237 οόδετέρυιν
517 3156 559 3221 ib.
580 3177 610 3241 p.
642 3155 671 3233 2,
697 3154 742 3233 13,
775 3152 842 3234 περὶ
875 3142 1106 3232 ρονοουλλάβων
1140 3148 1283 3233 Theogn.
1312 3170 1344 3233 p.

234 3255 304 3336 134,
328 3258 365 3320 17
389 3254 441 3332 (cf.
464 3256 540 3319 Arc.
568 3277 599 3341 p.
625 3254 691 3334 144,
721 3253 760 3316 21
783 3252 914 3335 Schm.),
951 3252 981 3314 ἑν
1003 3255 1047 3334 τῷ
1075 3251 1142 3334 περὶ
1172 3243 1344 3330 ιυιευρόοιυν

228 3356 268 3419 ib.
291 3379 322 3443 p.
347 3356 393 3419 19.
437 3355 548 3440 Neque
580 3354 663 3420 enim
683 3353 780 3416 ullam
813 3375 934 3416 causam
965 3350 1067 3428 videa,
1097 3371 1152 3411 cur
1184 3346 1240 3410 hos
1269 3344 1344 3408 duos

229 3454 422 3541 Theognosti
449 3455 533 3520 locos
562 3477 632 3518 eum
658 3451 787 3516 Lentzio
816 3450 911 3528 (Phil.
946 3449 993 3513 19.
1025 3470 1057 3534 p.
1082 3447 1151 3512 111.
1184 3443 1292 3531 Suppl.
1329 3446 1343 3508 1

228 3577 258 3641 p.
281 3556 366 3634 644.)
389 3554 428 3619 ad
448 3555 620 3643 peculiares
639 3552 735 3617 libros
750 3572 851 3634 noque
872 3547 912 3612 ad
933 3546 1112 3613 Catholicae
1132 3544 1246 3608 librum
1257 3566 1346 3629 quar·

229 3665 292 3718 tam
313 3655 467 3720 decimum
488 3664 518 3718 et
539 3652 675 3719 vicesimi
694 3651 824 3715 alteram
845 3647 1172 3735 partemreferamus3
1202 3643 1285 3729 quod
1307 3644 1345 3707 de

229 3754 364 3820 secundo
386 3757 453 3821 loco
475 3755 535 3819 iarn
564 3752 689 3819 Giesius
709 3748 787 3812 vidit
818 3749 883 3824 (ub.
906 3748 935 3812 d.
959 3746 1018 3811 bol.
1041 3744 1124 3810 Dial.
1145 3766 1176 3830 p.
1199 3743 1286 3825 225).
1308 3777 1346 3789 -

229 3854 379 3920 Eiusdem
409 3852 542 3919 nominis
573 3851 687 3915 librum
715 3846 902 3914 Heraclides
924 3844 1346 3933 composuithhiloxemus

230 3976 355 4041 quoque
377 3964 409 4021 et
429 3953 615 4040 Apollonius
635 3950 703 4033 περὶ
723 3950 915 4034 προοῳδιυῖν,
935 3970 1009 4034 prae
1011 3957 1096 4011 terea
1117 3943 1256 4028 (ms1hac
1277 3961 1347 4051 par

229 4065 277 4121 tes
298 4055 424 4120 fuorunt
411 4063 579 4139 toperum
607 4051 672 4135 περὶ
700 4051 892 4171 ρροοῳδιῶν)
924 4048 1056 4134 Trypho
1078 4073 1114 4106 a
1100 4042 1182 4126 ερί
1174 4063 1226 4102 nr
1213 4040 1346 4122 operosa

230 4154 313 4221 Orus
335 4153 401 4237 περὶ
423 4153 568 4237 διχρόνων
591 4164 622 4216 et
642 4174 710 4234 περι
730 4152 901 4233 ἑγκλιτικοῖν
924 4148 1037 4230 μορίων
1059 4143 1255 4256 scripserunt.
1233 4136 1348 4205 tSed

230 4253 458 4341 qualescunque
485 4255 609 4319 fuerunt
629 4252 663 4317 hi
683 4251 767 4332 libri,
798 4274 869 4316 cum
890 4247 1090 4320 ,Herodianeo
1111 4243 1177 4308 sine
1199 4240 1291 4306 dubio
1309 4260 1349 4303 ne
