<?xml version="1.0" encoding="UTF-8"?>
<!DOCTYPE html PUBLIC "-//W3C//DTD XHTML 1.0 Transitional//EN"
    "http://www.w3.org/TR/xhtml1/DTD/xhtml1-transitional.dtd">
<html xmlns="http://www.w3.org/1999/xhtml" xml:lang="en" lang="en">
 <head>
  <title>
</title>
<meta http-equiv="Content-Type" content="text/html;charset=utf-8" />
  <meta name='ocr-system' content='tesseract 3.04.00' />
  <meta name='ocr-capabilities' content='ocr_page ocr_carea ocr_par ocr_line ocrx_word'/>
</head>
<body>
  <div class='ocr_page' id='page_1' title='image "./quaestioneshero00hillgoog_0013.png"; bbox 0 0 3009 4709; ppageno 0'>
   <div class='ocr_carea' id='block_1_1' title="bbox 223 543 1343 3125">
    <p class='ocr_par' dir='ltr' id='par_1_1' title="bbox 223 543 1341 1830">
     <span class='ocr_line' id='line_1_1' title="bbox 225 543 1338 631; baseline -0.002 -21"><span class='ocrx_word' id='word_1_1' title='bbox 225 543 432 627; x_wconf 78' lang='grc' dir='ltr'>διαλαμβάνων</span> <span class='ocrx_word' id='word_1_2' title='bbox 445 544 511 628; x_wconf 82' lang='grc' dir='ltr'>περὶ</span> <span class='ocrx_word' id='word_1_3' title='bbox 525 551 577 609; x_wconf 82' lang='grc' dir='ltr'><strong>τοῦ</strong></span> <span class='ocrx_word' id='word_1_4' title='bbox 590 548 789 631; x_wconf 56' lang='grc' dir='ltr'><strong>ᾖμεταλλῆσαι</strong></span> <span class='ocrx_word' id='word_1_5' title='bbox 804 545 853 609; x_wconf 80' lang='grc' dir='ltr'>καὶ</span> <span class='ocrx_word' id='word_1_6' title='bbox 871 547 1013 629; x_wconf 56' lang='lat' dir='ltr'><strong>’spector‘</strong></span> <span class='ocrx_word' id='word_1_7' title='bbox 1022 584 1063 595; x_wconf 87' lang='lat'><em>-</em></span> <span class='ocrx_word' id='word_1_8' title='bbox 1082 543 1338 629; x_wconf 76' lang='grc' dir='ltr'>ἀπεφηνάμην</span> 
     </span>
     <span class='ocr_line' id='line_1_2' title="bbox 223 645 1339 732; baseline -0.002 -21"><span class='ocrx_word' id='word_1_9' title='bbox 223 650 285 711; x_wconf 88' lang='grc' dir='ltr'>κτλ.</span> <span class='ocrx_word' id='word_1_10' title='bbox 328 647 419 711; x_wconf 88' lang='lat' dir='ltr'><strong>Haec</strong></span> <span class='ocrx_word' id='word_1_11' title='bbox 439 647 522 711; x_wconf 91' lang='lat' dir='ltr'><strong>enim</strong></span> <span class='ocrx_word' id='word_1_12' title='bbox 544 656 686 732; x_wconf 89' lang='lat' dir='ltr'><strong>spectant</strong></span> <span class='ocrx_word' id='word_1_13' title='bbox 707 646 746 710; x_wconf 89' lang='lat' dir='ltr'><strong>ad</strong></span> <span class='ocrx_word' id='word_1_14' title='bbox 768 669 785 708; x_wconf 88' lang='grc' dir='ltr'>τ</span> <span class='ocrx_word' id='word_1_15' title='bbox 806 646 878 727; x_wconf 79' lang='lat'>320,</span> <span class='ocrx_word' id='word_1_16' title='bbox 900 668 920 727; x_wconf 87' lang='grc' dir='ltr'>χ</span> <span class='ocrx_word' id='word_1_17' title='bbox 942 648 1012 727; x_wconf 79' lang='lat'>214,</span> <span class='ocrx_word' id='word_1_18' title='bbox 1034 668 1051 727; x_wconf 97' lang='grc' dir='ltr'>γ</span> <span class='ocrx_word' id='word_1_19' title='bbox 1073 646 1122 727; x_wconf 85' lang='grc'><strong>69,</strong></span> <span class='ocrx_word' id='word_1_20' title='bbox 1145 668 1181 711; x_wconf 88' lang='lat' dir='ltr'><strong>ac</strong></span> <span class='ocrx_word' id='word_1_21' title='bbox 1199 645 1252 710; x_wconf 86' lang='lat' dir='ltr'><strong>vix</strong></span> <span class='ocrx_word' id='word_1_22' title='bbox 1274 645 1339 709; x_wconf 91' lang='lat' dir='ltr'><strong>He·</strong></span> 
     </span>
     <span class='ocr_line' id='line_1_3' title="bbox 223 744 1337 831; baseline -0.002 -20"><span class='ocrx_word' id='word_1_23' title='bbox 223 747 370 812; x_wconf 87' lang='lat' dir='ltr'><strong>rodianus</strong></span> <span class='ocrx_word' id='word_1_24' title='bbox 392 744 504 822; x_wconf 86' lang='lat' dir='ltr'><strong>aoristo</strong></span> <span class='ocrx_word' id='word_1_25' title='bbox 526 767 598 810; x_wconf 88' lang='lat' dir='ltr'><strong>usus</strong></span> <span class='ocrx_word' id='word_1_26' title='bbox 620 756 707 828; x_wconf 86' lang='lat' dir='ltr'><strong>esset,</strong></span> <span class='ocrx_word' id='word_1_27' title='bbox 741 747 766 811; x_wconf 89' lang='lat' dir='ltr'><strong>si</strong></span> <span class='ocrx_word' id='word_1_28' title='bbox 788 747 892 811; x_wconf 88' lang='lat' dir='ltr'><strong>futuro</strong></span> <span class='ocrx_word' id='word_1_29' title='bbox 915 746 1039 811; x_wconf 88' lang='lat' dir='ltr'><strong>demum</strong></span> <span class='ocrx_word' id='word_1_30' title='bbox 1070 755 1211 831; x_wconf 89' lang='lat' dir='ltr'><strong>tempore</strong></span> <span class='ocrx_word' id='word_1_31' title='bbox 1233 744 1337 831; x_wconf 88' lang='lat' dir='ltr'><strong>Odys·</strong></span> 
     </span>
     <span class='ocr_line' id='line_1_4' title="bbox 223 844 1338 932; baseline -0.004 -19"><span class='ocrx_word' id='word_1_32' title='bbox 223 869 294 913; x_wconf 86' lang='lat' dir='ltr'><strong>scae</strong></span> <span class='ocrx_word' id='word_1_33' title='bbox 315 846 499 911; x_wconf 87' lang='lat' dir='ltr'><strong>Prosodiam</strong></span> <span class='ocrx_word' id='word_1_34' title='bbox 522 846 615 912; x_wconf 88' lang='lat' dir='ltr'><strong>edere</strong></span> <span class='ocrx_word' id='word_1_35' title='bbox 636 848 693 911; x_wconf 85' lang='lat' dir='ltr'>sibi</span> <span class='ocrx_word' id='word_1_36' title='bbox 715 847 934 931; x_wconf 82' lang='lat' dir='ltr'><strong>proposuisset.</strong></span> <span class='ocrx_word' id='word_1_37' title='bbox 978 844 1034 913; x_wconf 84' lang='lat' dir='ltr'><strong>Sin</strong></span> <span class='ocrx_word' id='word_1_38' title='bbox 1056 868 1132 910; x_wconf 82' lang='lat' dir='ltr'><strong>vero</strong></span> <span class='ocrx_word' id='word_1_39' title='bbox 1161 844 1241 911; x_wconf 86' lang='lat' dir='ltr'><strong>duae</strong></span> <span class='ocrx_word' id='word_1_40' title='bbox 1269 868 1338 932; x_wconf 88' lang='lat' dir='ltr'><strong>par-</strong></span> 
     </span>
     <span class='ocr_line' id='line_1_5' title="bbox 224 945 1339 1031; baseline 0 -21"><span class='ocrx_word' id='word_1_41' title='bbox 224 958 271 1013; x_wconf 86' lang='lat' dir='ltr'><strong>tes</strong></span> <span class='ocrx_word' id='word_1_42' title='bbox 292 946 384 1011; x_wconf 91' lang='lat' dir='ltr'><strong>simul</strong></span> <span class='ocrx_word' id='word_1_43' title='bbox 405 945 505 1011; x_wconf 86' lang='lat' dir='ltr'><strong>editae</strong></span> <span class='ocrx_word' id='word_1_44' title='bbox 527 954 615 1027; x_wconf 82' lang='lat' dir='ltr'><strong>sunt,</strong></span> <span class='ocrx_word' id='word_1_45' title='bbox 646 969 709 1010; x_wconf 89' lang='lat' dir='ltr'><strong>nou</strong></span> <span class='ocrx_word' id='word_1_46' title='bbox 731 946 832 1009; x_wconf 91' lang='lat' dir='ltr'><strong>minus</strong></span> <span class='ocrx_word' id='word_1_47' title='bbox 854 968 945 1031; x_wconf 88' lang='lat' dir='ltr'><strong>quam</strong></span> <span class='ocrx_word' id='word_1_48' title='bbox 967 945 1098 1011; x_wconf 89' lang='lat' dir='ltr'><strong>aoristus</strong></span> <span class='ocrx_word' id='word_1_49' title='bbox 1120 946 1224 1011; x_wconf 89' lang='lat' dir='ltr'><strong>locum</strong></span> <span class='ocrx_word' id='word_1_50' title='bbox 1244 947 1339 1012; x_wconf 87' lang='lat' dir='ltr'><strong>habet</strong></span> 
     </span>
     <span class='ocr_line' id='line_1_6' title="bbox 224 1043 1338 1131; baseline 0 -22"><span class='ocrx_word' id='word_1_51' title='bbox 224 1046 378 1127; x_wconf 84' lang='lat' dir='ltr'><strong>futurum,</strong></span> <span class='ocrx_word' id='word_1_52' title='bbox 401 1046 484 1131; x_wconf 87' lang='lat' dir='ltr'><strong>quod</strong></span> <span class='ocrx_word' id='word_1_53' title='bbox 512 1044 686 1112; x_wconf 88' lang='lat' dir='ltr'><strong>invenimus</strong></span> <span class='ocrx_word' id='word_1_54' title='bbox 708 1045 747 1108; x_wconf 88' lang='lat' dir='ltr'><strong>ad</strong></span> <span class='ocrx_word' id='word_1_55' title='bbox 769 1045 796 1107; x_wconf 90' lang='lat' dir='ltr'><strong>A</strong></span> <span class='ocrx_word' id='word_1_56' title='bbox 817 1045 879 1108; x_wconf 76' lang='lat'><strong>294</strong></span> <span class='ocrx_word' id='word_1_57' title='bbox 896 1045 963 1127; x_wconf 78' lang='grc' dir='ltr'>περὶ</span> <span class='ocrx_word' id='word_1_58' title='bbox 993 1045 1026 1109; x_wconf 79' lang='grc' dir='ltr'><strong>δὲ</strong></span> <span class='ocrx_word' id='word_1_59' title='bbox 1053 1047 1160 1130; x_wconf 85' lang='grc' dir='ltr'>ταότης</span> <span class='ocrx_word' id='word_1_60' title='bbox 1187 1055 1241 1131; x_wconf 73' lang='grc' dir='ltr'>τῆς</span> <span class='ocrx_word' id='word_1_61' title='bbox 1269 1043 1338 1109; x_wconf 88' lang='grc' dir='ltr'>όινα-</span> 
     </span>
     <span class='ocr_line' id='line_1_7' title="bbox 224 1142 1338 1230; baseline 0 -22"><span class='ocrx_word' id='word_1_62' title='bbox 224 1142 363 1226; x_wconf 87' lang='grc' dir='ltr'>γνώσεως</span> <span class='ocrx_word' id='word_1_63' title='bbox 385 1143 589 1227; x_wconf 79' lang='grc' dir='ltr'>ἐντελέστερον</span> <span class='ocrx_word' id='word_1_64' title='bbox 615 1144 882 1227; x_wconf 81' lang='grc' dir='ltr'>διαληψόμεδα</span> <span class='ocrx_word' id='word_1_65' title='bbox 914 1145 945 1207; x_wconf 78' lang='grc' dir='ltr'><strong>ἐν</strong></span> <span class='ocrx_word' id='word_1_66' title='bbox 971 1149 1009 1226; x_wconf 75' lang='grc' dir='ltr'><strong>τῇ</strong></span> <span class='ocrx_word' id='word_1_67' title='bbox 1035 1149 1057 1210; x_wconf 89' lang='grc' dir='ltr'>Γ</span> <span class='ocrx_word' id='word_1_68' title='bbox 1081 1154 1136 1230; x_wconf 82' lang='grc' dir='ltr'>της</span> <span class='ocrx_word' id='word_1_69' title='bbox 1164 1142 1338 1219; x_wconf 79' lang='grc' dir='ltr'>Ὀδυσσείας</span> 
     </span>
     <span class='ocr_line' id='line_1_8' title="bbox 226 1242 1341 1330; baseline -0.003 -19"><span class='ocrx_word' id='word_1_70' title='bbox 226 1247 291 1329; x_wconf 77' lang='lat'>(50)</span> <span class='ocrx_word' id='word_1_71' title='bbox 313 1256 344 1309; x_wconf 88' lang='lat' dir='ltr'><strong>ct</strong></span> <span class='ocrx_word' id='word_1_72' title='bbox 365 1246 405 1310; x_wconf 86' lang='lat' dir='ltr'><strong>ad</strong></span> <span class='ocrx_word' id='word_1_73' title='bbox 426 1248 455 1309; x_wconf 88' lang='grc' dir='ltr'><strong>Μ</strong></span> <span class='ocrx_word' id='word_1_74' title='bbox 479 1245 534 1310; x_wconf 80' lang='grc'>157</span> <span class='ocrx_word' id='word_1_75' title='bbox 558 1242 772 1329; x_wconf 74' lang='grc' dir='ltr'>ῥηθήσεται</span> <span class='ocrx_word' id='word_1_76' title='bbox 794 1243 828 1307; x_wconf 79' lang='grc' dir='ltr'><strong>δὲ</strong></span> <span class='ocrx_word' id='word_1_77' title='bbox 850 1242 880 1307; x_wconf 77' lang='grc' dir='ltr'><strong>ἐν</strong></span> <span class='ocrx_word' id='word_1_78' title='bbox 902 1249 939 1325; x_wconf 76' lang='grc' dir='ltr'><strong>τη</strong></span> <span class='ocrx_word' id='word_1_79' title='bbox 956 1247 985 1308; x_wconf 92' lang='grc' dir='ltr'><strong>Μ</strong></span> <span class='ocrx_word' id='word_1_80' title='bbox 1005 1254 1057 1330; x_wconf 76' lang='grc' dir='ltr'>τῆς</span> <span class='ocrx_word' id='word_1_81' title='bbox 1079 1243 1254 1318; x_wconf 76' lang='grc' dir='ltr'>Ὀδυσσείας</span> <span class='ocrx_word' id='word_1_82' title='bbox 1274 1246 1341 1328; x_wconf 81' lang='grc' dir='ltr'>περὶ</span> 
     </span>
     <span class='ocr_line' id='line_1_9' title="bbox 224 1327 1341 1432; baseline 0.004 -26"><span class='ocrx_word' id='word_1_83' title='bbox 224 1352 276 1428; x_wconf 70' lang='grc' dir='ltr'>τῆς</span> <span class='ocrx_word' id='word_1_84' title='bbox 297 1327 479 1428; x_wconf 81' lang='grc' dir='ltr'>προσῳδίας.</span> <span class='ocrx_word' id='word_1_85' title='bbox 503 1345 563 1411; x_wconf 80' lang='lat' dir='ltr'><strong>Oui</strong></span> <span class='ocrx_word' id='word_1_86' title='bbox 583 1368 648 1410; x_wconf 91' lang='lat' dir='ltr'><strong>non</strong></span> <span class='ocrx_word' id='word_1_87' title='bbox 667 1355 824 1431; x_wconf 80' lang='lat' dir='ltr'>repugnat</span> <span class='ocrx_word' id='word_1_88' title='bbox 846 1344 929 1429; x_wconf 90' lang='lat' dir='ltr'><strong>quod</strong></span> <span class='ocrx_word' id='word_1_89' title='bbox 952 1346 991 1410; x_wconf 90' lang='lat' dir='ltr'><strong>ad</strong></span> <span class='ocrx_word' id='word_1_90' title='bbox 1013 1344 1226 1412; x_wconf 71' lang='lat' dir='ltr'><strong>nathaliam</strong></span> <span class='ocrx_word' id='word_1_91' title='bbox 1248 1356 1341 1432; x_wconf 89' lang='lat' dir='ltr'><strong>atque</strong></span> 
     </span>
     <span class='ocr_line' id='line_1_10' title="bbox 226 1443 1341 1531; baseline 0.004 -26"><span class='ocrx_word' id='word_1_92' title='bbox 226 1443 264 1506; x_wconf 88' lang='lat' dir='ltr'><strong>ad</strong></span> <span class='ocrx_word' id='word_1_93' title='bbox 288 1467 312 1506; x_wconf 93' lang='grc' dir='ltr'>ω</span> <span class='ocrx_word' id='word_1_94' title='bbox 336 1446 396 1511; x_wconf 78' lang='grc'><strong>228</strong></span> <span class='ocrx_word' id='word_1_95' title='bbox 420 1445 603 1512; x_wconf 88' lang='lat' dir='ltr'><strong>sententiam</strong></span> <span class='ocrx_word' id='word_1_96' title='bbox 626 1447 664 1510; x_wconf 89' lang='lat' dir='ltr'><strong>ah</strong></span> <span class='ocrx_word' id='word_1_97' title='bbox 695 1469 732 1511; x_wconf 91' lang='lat' dir='ltr'><strong>eo</strong></span> <span class='ocrx_word' id='word_1_98' title='bbox 761 1446 914 1531; x_wconf 83' lang='lat' dir='ltr'>prolatam</span> <span class='ocrx_word' id='word_1_99' title='bbox 941 1444 1034 1511; x_wconf 86' lang='lat' dir='ltr'><strong>fuisse</strong></span> <span class='ocrx_word' id='word_1_100' title='bbox 1064 1446 1229 1511; x_wconf 84' lang='lat' dir='ltr'><strong>scholiasta</strong></span> <span class='ocrx_word' id='word_1_101' title='bbox 1258 1445 1341 1509; x_wconf 90' lang='lat' dir='ltr'><strong>illius</strong></span> 
     </span>
     <span class='ocr_line' id='line_1_11' title="bbox 228 1543 1341 1632; baseline 0.003 -27"><span class='ocrx_word' id='word_1_102' title='bbox 228 1543 288 1608; x_wconf 90' lang='lat' dir='ltr'><strong>loci</strong></span> <span class='ocrx_word' id='word_1_103' title='bbox 310 1544 411 1610; x_wconf 78' lang='lat' dir='ltr'><strong>docet.</strong></span> <span class='ocrx_word' id='word_1_104' title='bbox 433 1583 473 1591; x_wconf 79' lang='lat'>—</span> <span class='ocrx_word' id='word_1_105' title='bbox 497 1544 595 1632; x_wconf 84' lang='lat' dir='ltr'><strong>Operi</strong></span> <span class='ocrx_word' id='word_1_106' title='bbox 624 1544 825 1624; x_wconf 89' lang='lat' dir='ltr'><strong>Herodianeo</strong></span> <span class='ocrx_word' id='word_1_107' title='bbox 859 1545 969 1610; x_wconf 88' lang='lat' dir='ltr'><strong>similia</strong></span> <span class='ocrx_word' id='word_1_108' title='bbox 997 1546 1090 1611; x_wconf 87' lang='lat' dir='ltr'><strong>fuisse</strong></span> <span class='ocrx_word' id='word_1_109' title='bbox 1118 1545 1265 1612; x_wconf 88' lang='lat' dir='ltr'><strong>videntur</strong></span> <span class='ocrx_word' id='word_1_110' title='bbox 1295 1568 1341 1628; x_wconf 82' lang='lat' dir='ltr'><strong>ea,</strong></span> 
     </span>
     <span class='ocr_line' id='line_1_12' title="bbox 226 1644 1341 1732; baseline 0.006 -29"><span class='ocrx_word' id='word_1_111' title='bbox 226 1666 305 1727; x_wconf 87' lang='lat' dir='ltr'><strong>quae</strong></span> <span class='ocrx_word' id='word_1_112' title='bbox 326 1644 526 1710; x_wconf 88' lang='lat' dir='ltr'><strong>Ptolemaeus</strong></span> <span class='ocrx_word' id='word_1_113' title='bbox 547 1644 729 1710; x_wconf 83' lang='lat' dir='ltr'><strong>Ascalonita</strong></span> <span class='ocrx_word' id='word_1_114' title='bbox 751 1657 783 1711; x_wconf 88' lang='lat' dir='ltr'><strong>et</strong></span> <span class='ocrx_word' id='word_1_115' title='bbox 804 1645 964 1731; x_wconf 85' lang='lat' dir='ltr'><strong>Tyrannio</strong></span> <span class='ocrx_word' id='word_1_116' title='bbox 985 1645 1128 1712; x_wconf 81' lang='lat' dir='ltr'><strong>Phoenix</strong></span> <span class='ocrx_word' id='word_1_117' title='bbox 1154 1647 1182 1730; x_wconf 86' lang='lat'><strong>¹)</strong></span> <span class='ocrx_word' id='word_1_118' title='bbox 1211 1645 1250 1711; x_wconf 91' lang='lat' dir='ltr'><strong>de</strong></span> <span class='ocrx_word' id='word_1_119' title='bbox 1270 1668 1341 1732; x_wconf 89' lang='lat' dir='ltr'><strong>pro-</strong></span> 
     </span>
     <span class='ocr_line' id='line_1_13' title="bbox 225 1742 775 1830; baseline 0.009 -24"><span class='ocrx_word' id='word_1_120' title='bbox 225 1743 312 1806; x_wconf 85' lang='lat' dir='ltr'><strong>sodia</strong></span> <span class='ocrx_word' id='word_1_121' title='bbox 334 1742 503 1808; x_wconf 86' lang='lat' dir='ltr'><strong>Homerica</strong></span> <span class='ocrx_word' id='word_1_122' title='bbox 526 1753 775 1830; x_wconf 79' lang='lat' dir='ltr'><strong>conrposuerunt.</strong></span> 
     </span>
    </p>

    <p class='ocr_par' dir='ltr' id='par_1_2' title="bbox 225 1842 1343 3125">
     <span class='ocr_line' id='line_1_14' title="bbox 286 1842 1342 1931; baseline 0.004 -26"><span class='ocrx_word' id='word_1_123' title='bbox 286 1842 471 1908; x_wconf 84' lang='lat' dir='ltr'><strong>Prosodiam</strong></span> <span class='ocrx_word' id='word_1_124' title='bbox 483 1844 551 1929; x_wconf 90' lang='lat' dir='ltr'><strong>ipse</strong></span> <span class='ocrx_word' id='word_1_125' title='bbox 562 1844 758 1911; x_wconf 87' lang='lat' dir='ltr'><strong>Herodianus</strong></span> <span class='ocrx_word' id='word_1_126' title='bbox 774 1848 806 1910; x_wconf 92' lang='lat' dir='ltr'><strong>in</strong></span> <span class='ocrx_word' id='word_1_127' title='bbox 823 1848 904 1913; x_wconf 91' lang='lat' dir='ltr'><strong>libro</strong></span> <span class='ocrx_word' id='word_1_128' title='bbox 914 1848 980 1930; x_wconf 82' lang='grc' dir='ltr'>περὶ</span> <span class='ocrx_word' id='word_1_129' title='bbox 990 1848 1154 1931; x_wconf 61' lang='lat' dir='ltr'><strong>areolas&lt;</strong></span> <span class='ocrx_word' id='word_1_130' title='bbox 1171 1845 1342 1931; x_wconf 78' lang='grc' dir='ltr'>προσῳδίας</span> 
     </span>
     <span class='ocr_line' id='line_1_15' title="bbox 225 1942 1341 2031; baseline 0.003 -26"><span class='ocrx_word' id='word_1_131' title='bbox 225 1942 284 2007; x_wconf 86' lang='lat' dir='ltr'><strong>hoc</strong></span> <span class='ocrx_word' id='word_1_132' title='bbox 305 1942 397 2008; x_wconf 90' lang='lat' dir='ltr'><strong>modo</strong></span> <span class='ocrx_word' id='word_1_133' title='bbox 420 1942 558 2007; x_wconf 80' lang='lat' dir='ltr'><strong>definivit</strong></span> <span class='ocrx_word' id='word_1_134' title='bbox 582 1946 629 2029; x_wconf 69' lang='grc' dir='ltr'><strong>2)ε</strong></span> <span class='ocrx_word' id='word_1_135' title='bbox 662 1948 818 2031; x_wconf 78' lang='grc' dir='ltr'>τροστρδία</span> <span class='ocrx_word' id='word_1_136' title='bbox 845 1946 904 2010; x_wconf 76' lang='grc' dir='ltr'>ἐστὶ</span> <span class='ocrx_word' id='word_1_137' title='bbox 932 1946 1003 2011; x_wconf 84' lang='grc' dir='ltr'>ποιὰ</span> <span class='ocrx_word' id='word_1_138' title='bbox 1032 1945 1115 2020; x_wconf 75' lang='grc' dir='ltr'>τάσις</span> <span class='ocrx_word' id='word_1_139' title='bbox 1136 1944 1341 2031; x_wconf 80' lang='grc' dir='ltr'>ἐγγραμμοίτου</span> 
     </span>
     <span class='ocr_line' id='line_1_16' title="bbox 226 2039 1342 2133; baseline 0.004 -31"><span class='ocrx_word' id='word_1_140' title='bbox 226 2049 329 2125; x_wconf 77' lang='grc' dir='ltr'>φωνῆς</span> <span class='ocrx_word' id='word_1_141' title='bbox 350 2039 490 2121; x_wconf 62' lang='grc' dir='ltr'>όγιοῠςθ)</span> <span class='ocrx_word' id='word_1_142' title='bbox 512 2043 641 2109; x_wconf 78' lang='grc' dir='ltr'>κατὰτὸ</span> <span class='ocrx_word' id='word_1_143' title='bbox 665 2042 873 2128; x_wconf 81' lang='grc' dir='ltr'>ἀπαγγελτικόν</span> <span class='ocrx_word' id='word_1_144' title='bbox 887 2049 915 2133; x_wconf 80' lang='lat'><strong>¹⁴)</strong></span> <span class='ocrx_word' id='word_1_145' title='bbox 946 2055 999 2133; x_wconf 80' lang='grc' dir='ltr'>της</span> <span class='ocrx_word' id='word_1_146' title='bbox 1019 2044 1132 2120; x_wconf 75' lang='grc' dir='ltr'>λέξεως</span> <span class='ocrx_word' id='word_1_147' title='bbox 1159 2042 1342 2131; x_wconf 78' lang='grc' dir='ltr'>ἐκφερομένη</span> 
     </span>
     <span class='ocr_line' id='line_1_17' title="bbox 226 2138 1343 2232; baseline 0.007 -30"><span class='ocrx_word' id='word_1_148' title='bbox 226 2138 298 2221; x_wconf 77' lang='grc' dir='ltr'>μετά</span> <span class='ocrx_word' id='word_1_149' title='bbox 327 2162 404 2213; x_wconf 90' lang='grc' dir='ltr'>τινος</span> <span class='ocrx_word' id='word_1_150' title='bbox 433 2146 490 2205; x_wconf 77' lang='grc' dir='ltr'><strong>τῶν</strong></span> <span class='ocrx_word' id='word_1_151' title='bbox 521 2143 757 2229; x_wconf 76' lang='grc' dir='ltr'>συνεζευγμένων</span> <span class='ocrx_word' id='word_1_152' title='bbox 786 2148 854 2231; x_wconf 81' lang='grc' dir='ltr'>περὶ</span> <span class='ocrx_word' id='word_1_153' title='bbox 879 2149 944 2232; x_wconf 84' lang='grc' dir='ltr'>μίαν</span> <span class='ocrx_word' id='word_1_154' title='bbox 975 2148 1141 2231; x_wconf 78' lang='grc' dir='ltr'>συλλαβήν,</span> <span class='ocrx_word' id='word_1_155' title='bbox 1173 2148 1238 2232; x_wconf 72' lang='grc' dir='ltr'>ἤτοι</span> <span class='ocrx_word' id='word_1_156' title='bbox 1266 2145 1343 2210; x_wconf 85' lang='grc' dir='ltr'>κατὰ</span> 
     </span>
     <span class='ocr_line' id='line_1_18' title="bbox 226 2240 1341 2332; baseline 0.005 -29"><span class='ocrx_word' id='word_1_157' title='bbox 226 2242 381 2325; x_wconf 79' lang='grc' dir='ltr'>συνήθειαν</span> <span class='ocrx_word' id='word_1_158' title='bbox 405 2240 558 2307; x_wconf 80' lang='grc' dir='ltr'>διαλέκτου</span> <span class='ocrx_word' id='word_1_159' title='bbox 582 2243 813 2331; x_wconf 71' lang='grc' dir='ltr'>ὁμολογουμένη,</span> <span class='ocrx_word' id='word_1_160' title='bbox 826 2255 856 2324; x_wconf 79' lang='lat'><strong>⁵)</strong></span> <span class='ocrx_word' id='word_1_161' title='bbox 878 2248 943 2332; x_wconf 78' lang='grc' dir='ltr'>ἤτοι</span> <span class='ocrx_word' id='word_1_162' title='bbox 961 2248 1038 2313; x_wconf 87' lang='grc' dir='ltr'>κατὰ</span> <span class='ocrx_word' id='word_1_163' title='bbox 1055 2247 1104 2312; x_wconf 88' lang='grc' dir='ltr'><strong>τόν</strong></span> <span class='ocrx_word' id='word_1_164' title='bbox 1130 2245 1341 2331; x_wconf 84' lang='grc' dir='ltr'>ἀναλογητικόν</span> 
     </span>
     <span class='ocr_line' id='line_1_19' title="bbox 227 2334 1341 2434; baseline 0.008 -34"><span class='ocrx_word' id='word_1_165' title='bbox 227 2334 297 2420; x_wconf 85' lang='grc' dir='ltr'>όρον</span> <span class='ocrx_word' id='word_1_166' title='bbox 319 2339 368 2403; x_wconf 84' lang='grc' dir='ltr'>καὶ</span> <span class='ocrx_word' id='word_1_167' title='bbox 388 2340 485 2421; x_wconf 88' lang='grc' dir='ltr'>λόγον.</span> <span class='ocrx_word' id='word_1_168' title='bbox 529 2343 602 2410; x_wconf 92' lang='lat' dir='ltr'><strong>Duo</strong></span> <span class='ocrx_word' id='word_1_169' title='bbox 624 2349 748 2411; x_wconf 89' lang='lat' dir='ltr'><strong>suntin</strong></span> <span class='ocrx_word' id='word_1_170' title='bbox 770 2347 818 2410; x_wconf 92' lang='lat' dir='ltr'><strong>his</strong></span> <span class='ocrx_word' id='word_1_171' title='bbox 838 2348 963 2429; x_wconf 79' lang='lat' dir='ltr'><strong>verbis,</strong></span> <span class='ocrx_word' id='word_1_172' title='bbox 997 2348 1037 2413; x_wconf 85' lang='lat' dir='ltr'><strong>de</strong></span> <span class='ocrx_word' id='word_1_173' title='bbox 1059 2347 1171 2434; x_wconf 90' lang='lat' dir='ltr'><strong>quibus</strong></span> <span class='ocrx_word' id='word_1_174' title='bbox 1191 2355 1275 2412; x_wconf 89' lang='lat' dir='ltr'><strong>reete</strong></span> <span class='ocrx_word' id='word_1_175' title='bbox 1295 2346 1341 2410; x_wconf 93' lang='lat' dir='ltr'><strong>in-</strong></span> 
     </span>
     <span class='ocr_line' id='line_1_20' title="bbox 228 2437 1343 2532; baseline 0.01 -33"><span class='ocrx_word' id='word_1_176' title='bbox 228 2437 416 2523; x_wconf 81' lang='lat' dir='ltr'><strong>tellegendis</strong></span> <span class='ocrx_word' id='word_1_177' title='bbox 452 2441 585 2506; x_wconf 86' lang='lat' dir='ltr'><strong>dubitari</strong></span> <span class='ocrx_word' id='word_1_178' title='bbox 615 2455 726 2530; x_wconf 89' lang='lat' dir='ltr'><strong>potest.</strong></span> <span class='ocrx_word' id='word_1_179' title='bbox 770 2445 878 2532; x_wconf 81' lang='lat' dir='ltr'><strong>Atque</strong></span> <span class='ocrx_word' id='word_1_180' title='bbox 906 2447 960 2511; x_wconf 90' lang='lat' dir='ltr'><strong>illa</strong></span> <span class='ocrx_word' id='word_1_181' title='bbox 990 2447 1116 2532; x_wconf 87' lang='lat' dir='ltr'><strong>quidem</strong></span> <span class='ocrx_word' id='word_1_182' title='bbox 1144 2449 1241 2512; x_wconf 84' lang='lat' dir='ltr'><strong>verba</strong></span> <span class='ocrx_word' id='word_1_183' title='bbox 1270 2443 1343 2528; x_wconf 81' lang='grc' dir='ltr'>μετά</span> 
     </span>
     <span class='ocr_line' id='line_1_21' title="bbox 228 2537 1342 2632; baseline 0.007 -33"><span class='ocrx_word' id='word_1_184' title='bbox 228 2560 304 2611; x_wconf 91' lang='grc' dir='ltr'>τινος</span> <span class='ocrx_word' id='word_1_185' title='bbox 324 2543 383 2602; x_wconf 82' lang='grc' dir='ltr'><strong>των</strong></span> <span class='ocrx_word' id='word_1_186' title='bbox 405 2537 641 2623; x_wconf 78' lang='grc' dir='ltr'>συνεζευγμένων</span> <span class='ocrx_word' id='word_1_187' title='bbox 662 2543 729 2627; x_wconf 83' lang='grc' dir='ltr'>περὶ</span> <span class='ocrx_word' id='word_1_188' title='bbox 750 2545 816 2626; x_wconf 78' lang='grc' dir='ltr'>μίαν</span> <span class='ocrx_word' id='word_1_189' title='bbox 839 2547 987 2630; x_wconf 72' lang='grc' dir='ltr'>συλλαβήν</span> <span class='ocrx_word' id='word_1_190' title='bbox 1010 2546 1175 2612; x_wconf 84' lang='lat' dir='ltr'><strong>scholiasta</strong></span> <span class='ocrx_word' id='word_1_191' title='bbox 1196 2544 1342 2632; x_wconf 85' lang='lat' dir='ltr'><strong>Dionysii</strong></span> 
     </span>
     <span class='ocr_line' id='line_1_22' title="bbox 229 2637 1343 2732; baseline 0.006 -30"><span class='ocrx_word' id='word_1_192' title='bbox 229 2638 273 2724; x_wconf 87' lang='lat' dir='ltr'><strong>(p.</strong></span> <span class='ocrx_word' id='word_1_193' title='bbox 296 2637 356 2703; x_wconf 88' lang='grc'><strong>677</strong></span> <span class='ocrx_word' id='word_1_194' title='bbox 383 2645 443 2726; x_wconf 80' lang='lat' dir='ltr'><strong>sq.)</strong></span> <span class='ocrx_word' id='word_1_195' title='bbox 472 2640 516 2703; x_wconf 86' lang='lat' dir='ltr'><strong>ita</strong></span> <span class='ocrx_word' id='word_1_196' title='bbox 537 2639 721 2727; x_wconf 83' lang='lat' dir='ltr'><strong>explicavit,</strong></span> <span class='ocrx_word' id='word_1_197' title='bbox 743 2652 777 2706; x_wconf 91' lang='lat' dir='ltr'><strong>ut</strong></span> <span class='ocrx_word' id='word_1_198' title='bbox 799 2645 846 2708; x_wconf 88' lang='lat' dir='ltr'><strong>his</strong></span> <span class='ocrx_word' id='word_1_199' title='bbox 871 2646 1109 2726; x_wconf 78' lang='grc' dir='ltr'>συνεζευγμένας</span> <span class='ocrx_word' id='word_1_200' title='bbox 1130 2646 1212 2730; x_wconf 89' lang='lat' dir='ltr'><strong>ipsas</strong></span> <span class='ocrx_word' id='word_1_201' title='bbox 1236 2666 1343 2732; x_wconf 90' lang='lat' dir='ltr'><strong>proso·</strong></span> 
     </span>
     <span class='ocr_line' id='line_1_23' title="bbox 228 2733 1340 2828; baseline 0.004 -27"><span class='ocrx_word' id='word_1_202' title='bbox 228 2737 292 2803; x_wconf 89' lang='lat' dir='ltr'><strong>dias</strong></span> <span class='ocrx_word' id='word_1_203' title='bbox 316 2738 370 2821; x_wconf 83' lang='lat' dir='ltr'><strong>(sc.</strong></span> <span class='ocrx_word' id='word_1_204' title='bbox 393 2733 502 2819; x_wconf 84' lang='grc' dir='ltr'>τόνους,</span> <span class='ocrx_word' id='word_1_205' title='bbox 514 2739 650 2822; x_wconf 82' lang='grc' dir='ltr'>χρόνους,</span> <span class='ocrx_word' id='word_1_206' title='bbox 665 2737 830 2823; x_wconf 84' lang='grc' dir='ltr'>πνεόματα)</span> <span class='ocrx_word' id='word_1_207' title='bbox 849 2743 1017 2828; x_wconf 85' lang='lat' dir='ltr'><strong>significari</strong></span> <span class='ocrx_word' id='word_1_208' title='bbox 1029 2744 1247 2808; x_wconf 89' lang='lat' dir='ltr'><strong>arbitraretur:</strong></span> <span class='ocrx_word' id='word_1_209' title='bbox 1271 2742 1340 2807; x_wconf 79' lang='grc' dir='ltr'>οὔτε</span> 
     </span>
     <span class='ocr_line' id='line_1_24' title="bbox 227 2836 1341 2925; baseline 0.004 -24"><span class='ocrx_word' id='word_1_210' title='bbox 227 2838 336 2919; x_wconf 83' lang='grc' dir='ltr'>χρόνος</span> <span class='ocrx_word' id='word_1_211' title='bbox 357 2837 451 2919; x_wconf 81' lang='grc' dir='ltr'>χωρὶς</span> <span class='ocrx_word' id='word_1_212' title='bbox 471 2836 557 2901; x_wconf 85' lang='grc' dir='ltr'>τόνου</span> <span class='ocrx_word' id='word_1_213' title='bbox 582 2837 761 2920; x_wconf 82' lang='grc' dir='ltr'>εὑρίσκεται,</span> <span class='ocrx_word' id='word_1_214' title='bbox 792 2840 862 2904; x_wconf 78' lang='grc' dir='ltr'>οὔτε</span> <span class='ocrx_word' id='word_1_215' title='bbox 889 2841 975 2916; x_wconf 86' lang='grc' dir='ltr'>τόνος</span> <span class='ocrx_word' id='word_1_216' title='bbox 1001 2844 1094 2925; x_wconf 82' lang='grc' dir='ltr'>χωρὶς</span> <span class='ocrx_word' id='word_1_217' title='bbox 1121 2843 1253 2925; x_wconf 84' lang='grc' dir='ltr'>χρόνου·</span> <span class='ocrx_word' id='word_1_218' title='bbox 1275 2839 1341 2906; x_wconf 80' lang='grc' dir='ltr'>ἀλλ’</span> 
     </span>
     <span class='ocr_line' id='line_1_25' title="bbox 228 2933 1341 3025; baseline 0.007 -28"><span class='ocrx_word' id='word_1_219' title='bbox 228 2933 297 2998; x_wconf 79' lang='grc' dir='ltr'>οὐδὲ</span> <span class='ocrx_word' id='word_1_220' title='bbox 317 2942 429 3018; x_wconf 81' lang='grc' dir='ltr'>πνεῦμα</span> <span class='ocrx_word' id='word_1_221' title='bbox 443 2934 528 3000; x_wconf 81' lang='grc' dir='ltr'>πόλιν</span> <span class='ocrx_word' id='word_1_222' title='bbox 549 2935 701 3004; x_wconf 74' lang='grc' dir='ltr'>αὐτὸκαθ’</span> <span class='ocrx_word' id='word_1_223' title='bbox 722 2935 809 3003; x_wconf 86' lang='grc' dir='ltr'>ἑαυτό</span> <span class='ocrx_word' id='word_1_224' title='bbox 826 2940 983 3023; x_wconf 76' lang='grc' dir='ltr'>ἐκφέρεται</span> <span class='ocrx_word' id='word_1_225' title='bbox 1002 2944 1115 3005; x_wconf 82' lang='grc' dir='ltr'>τοότων</span> <span class='ocrx_word' id='word_1_226' title='bbox 1128 2942 1210 3025; x_wconf 82' lang='grc' dir='ltr'>ἄτερ.</span> <span class='ocrx_word' id='word_1_227' title='bbox 1238 2942 1341 3020; x_wconf 79' lang='lat' dir='ltr'><strong>Quam</strong></span> 
     </span>
     <span class='ocr_line' id='line_1_26' title="bbox 227 3035 1339 3125; baseline 0.004 -24"><span class='ocrx_word' id='word_1_228' title='bbox 227 3035 467 3122; x_wconf 87' lang='lat' dir='ltr'><strong>explicationem</strong></span> <span class='ocrx_word' id='word_1_229' title='bbox 498 3037 608 3101; x_wconf 87' lang='lat' dir='ltr'><strong>falsam</strong></span> <span class='ocrx_word' id='word_1_230' title='bbox 642 3061 709 3106; x_wconf 88' lang='lat' dir='ltr'><strong>essa</strong></span> <span class='ocrx_word' id='word_1_231' title='bbox 740 3040 933 3107; x_wconf 83' lang='lat' dir='ltr'><strong>Schmidtius</strong></span> <span class='ocrx_word' id='word_1_232' title='bbox 970 3042 1082 3125; x_wconf 85' lang='lat' dir='ltr'><strong>(Beitr.</strong></span> <span class='ocrx_word' id='word_1_233' title='bbox 1114 3066 1141 3109; x_wconf 80' lang='grc' dir='ltr'><strong>κ.</strong></span> <span class='ocrx_word' id='word_1_234' title='bbox 1164 3041 1281 3112; x_wconf 84' lang='lat' dir='ltr'><strong>Gesch.</strong></span> <span class='ocrx_word' id='word_1_235' title='bbox 1309 3041 1339 3106; x_wconf 82' lang='lat' dir='ltr'><strong>d.</strong></span> 
     </span>
    </p>
   </div>
   <div class='ocr_carea' id='block_1_2' title="bbox 227 3190 529 3203">
    <p class='ocr_par' dir='ltr' id='par_1_3' title="bbox 227 3190 529 3203">
     <span class='ocr_line' id='line_1_27' title="bbox 227 3190 529 3203; baseline 0.01 -3"><span class='ocrx_word' id='word_1_236' title='bbox 227 3190 529 3203; x_wconf 69' lang='lat' dir='ltr'>t———--—-—-——-</span> 
     </span>
    </p>
   </div>
   <div class='ocr_carea' id='block_1_3' title="bbox 290 3262 1342 3492">
    <p class='ocr_par' dir='ltr' id='par_1_4' title="bbox 290 3262 1342 3492">
     <span class='ocr_line' id='line_1_28' title="bbox 290 3262 1342 3338; baseline 0.01 -25"><span class='ocrx_word' id='word_1_237' title='bbox 290 3262 311 3330; x_wconf 77' lang='lat'><strong>¹]</strong></span> <span class='ocrx_word' id='word_1_238' title='bbox 330 3263 390 3314; x_wconf 84' lang='lat' dir='ltr'><strong>Sine</strong></span> <span class='ocrx_word' id='word_1_239' title='bbox 414 3264 514 3314; x_wconf 89' lang='lat' dir='ltr'><strong>idoneis</strong></span> <span class='ocrx_word' id='word_1_240' title='bbox 537 3268 694 3331; x_wconf 85' lang='lat' dir='ltr'><strong>argumentis</strong></span> <span class='ocrx_word' id='word_1_241' title='bbox 718 3269 843 3319; x_wconf 84' lang='lat' dir='ltr'><strong>Planerus</strong></span> <span class='ocrx_word' id='word_1_242' title='bbox 870 3269 912 3337; x_wconf 79' lang='lat' dir='ltr'><strong>(ua</strong></span> <span class='ocrx_word' id='word_1_243' title='bbox 930 3272 992 3336; x_wconf 85' lang='lat' dir='ltr'><strong>Tyr.</strong></span> <span class='ocrx_word' id='word_1_244' title='bbox 1011 3288 1037 3337; x_wconf 86' lang='lat' dir='ltr'><strong>p.</strong></span> <span class='ocrx_word' id='word_1_245' title='bbox 1058 3274 1072 3321; x_wconf 97' lang='grc'>7</span> <span class='ocrx_word' id='word_1_246' title='bbox 1091 3270 1139 3337; x_wconf 77' lang='grc' dir='ltr'><strong>σο.)</strong></span> <span class='ocrx_word' id='word_1_247' title='bbox 1167 3276 1193 3322; x_wconf 86' lang='lat' dir='ltr'><strong>ct</strong></span> <span class='ocrx_word' id='word_1_248' title='bbox 1210 3272 1342 3338; x_wconf 84' lang='lat' dir='ltr'><strong>Sengebu·</strong></span> 
     </span>
     <span class='ocr_line' id='line_1_29' title="bbox 327 3343 1340 3425; baseline 0.011 -27"><span class='ocrx_word' id='word_1_249' title='bbox 327 3349 413 3399; x_wconf 84' lang='lat' dir='ltr'><strong>schius</strong></span> <span class='ocrx_word' id='word_1_250' title='bbox 432 3343 524 3415; x_wconf 61' lang='lat' dir='ltr'><strong>(Homss</strong></span> <span class='ocrx_word' id='word_1_251' title='bbox 544 3350 605 3405; x_wconf 79' lang='lat' dir='ltr'><strong>diss.</strong></span> <span class='ocrx_word' id='word_1_252' title='bbox 626 3353 647 3400; x_wconf 90' lang='grc' dir='ltr'><strong>Ι.</strong></span> <span class='ocrx_word' id='word_1_253' title='bbox 666 3370 693 3418; x_wconf 84' lang='grc' dir='ltr'>ρ.</span> <span class='ocrx_word' id='word_1_254' title='bbox 712 3356 757 3418; x_wconf 84' lang='grc'><strong>38)</strong></span> <span class='ocrx_word' id='word_1_255' title='bbox 777 3355 876 3417; x_wconf 86' lang='lat' dir='ltr'><strong>maiori,</strong></span> <span class='ocrx_word' id='word_1_256' title='bbox 892 3363 949 3406; x_wconf 81' lang='lat' dir='ltr'><strong>non</strong></span> <span class='ocrx_word' id='word_1_257' title='bbox 967 3356 1238 3425; x_wconf 70' lang='lat' dir='ltr'><strong>minoriTyrannioni</strong></span> <span class='ocrx_word' id='word_1_258' title='bbox 1251 3358 1340 3409; x_wconf 86' lang='lat' dir='ltr'><strong>Proso-</strong></span> 
     </span>
     <span class='ocr_line' id='line_1_30' title="bbox 327 3435 1049 3492; baseline 0.012 -9"><span class='ocrx_word' id='word_1_259' title='bbox 327 3435 397 3486; x_wconf 86' lang='lat' dir='ltr'><strong>diam</strong></span> <span class='ocrx_word' id='word_1_260' title='bbox 414 3436 580 3486; x_wconf 84' lang='lat' dir='ltr'><strong>Homericam</strong></span> <span class='ocrx_word' id='word_1_261' title='bbox 598 3438 791 3488; x_wconf 87' lang='lat' dir='ltr'><strong>attribuendam</strong></span> <span class='ocrx_word' id='word_1_262' title='bbox 811 3455 867 3491; x_wconf 81' lang='lat' dir='ltr'><strong>esse</strong></span> <span class='ocrx_word' id='word_1_263' title='bbox 885 3448 1049 3492; x_wconf 85' lang='lat' dir='ltr'><strong>censuerunt.</strong></span> 
     </span>
    </p>
   </div>
   <div class='ocr_carea' id='block_1_4' title="bbox 287 3549 1340 3800">
    <p class='ocr_par' dir='ltr' id='par_1_5' title="bbox 287 3549 1340 3800">
     <span class='ocr_line' id='line_1_31' title="bbox 287 3549 1340 3629; baseline 0.009 -25"><span class='ocrx_word' id='word_1_264' title='bbox 287 3552 310 3620; x_wconf 72' lang='grc'><strong>2)</strong></span> <span class='ocrx_word' id='word_1_265' title='bbox 329 3554 415 3605; x_wconf 82' lang='lat' dir='ltr'><strong>Sohol.</strong></span> <span class='ocrx_word' id='word_1_266' title='bbox 434 3549 512 3606; x_wconf 60' lang='lat' dir='ltr'><strong>Dionss</strong></span> <span class='ocrx_word' id='word_1_267' title='bbox 533 3555 595 3605; x_wconf 86' lang='lat' dir='ltr'><strong>Thr.</strong></span> <span class='ocrx_word' id='word_1_268' title='bbox 614 3573 640 3621; x_wconf 82' lang='lat' dir='ltr'><strong>p.</strong></span> <span class='ocrx_word' id='word_1_269' title='bbox 661 3559 721 3612; x_wconf 86' lang='grc'>676.</span> <span class='ocrx_word' id='word_1_270' title='bbox 752 3559 868 3622; x_wconf 84' lang='lat' dir='ltr'><strong>(Villois.</strong></span> <span class='ocrx_word' id='word_1_271' title='bbox 889 3561 937 3609; x_wconf 88' lang='lat' dir='ltr'><strong>An.</strong></span> <span class='ocrx_word' id='word_1_272' title='bbox 959 3564 974 3609; x_wconf 98' lang='grc'>2</span> <span class='ocrx_word' id='word_1_273' title='bbox 993 3578 1020 3627; x_wconf 78' lang='grc' dir='ltr'>ρ,</span> <span class='ocrx_word' id='word_1_274' title='bbox 1040 3564 1098 3618; x_wconf 79' lang='grc'><strong>103,</strong></span> <span class='ocrx_word' id='word_1_275' title='bbox 1125 3562 1216 3613; x_wconf 85' lang='lat' dir='ltr'><strong>Theod</strong></span> <span class='ocrx_word' id='word_1_276' title='bbox 1244 3580 1271 3629; x_wconf 73' lang='grc' dir='ltr'><strong>ρ.</strong></span> <span class='ocrx_word' id='word_1_277' title='bbox 1289 3566 1340 3614; x_wconf 89' lang='grc'><strong>202</strong></span> 
     </span>
     <span class='ocr_line' id='line_1_32' title="bbox 327 3638 1339 3715; baseline 0.014 -26"><span class='ocrx_word' id='word_1_278' title='bbox 327 3638 434 3704; x_wconf 72' lang='lat' dir='ltr'><strong>Goettl.)</strong></span> <span class='ocrx_word' id='word_1_279' title='bbox 476 3639 576 3694; x_wconf 68' lang='lat' dir='ltr'><strong>Theoti.</strong></span> <span class='ocrx_word' id='word_1_280' title='bbox 609 3659 637 3706; x_wconf 85' lang='lat' dir='ltr'><strong>p.</strong></span> <span class='ocrx_word' id='word_1_281' title='bbox 663 3644 694 3691; x_wconf 86' lang='grc'><strong>61</strong></span> <span class='ocrx_word' id='word_1_282' title='bbox 724 3644 823 3701; x_wconf 81' lang='lat' dir='ltr'><strong>Goettl.</strong></span> <span class='ocrx_word' id='word_1_283' title='bbox 851 3646 971 3711; x_wconf 83' lang='lat' dir='ltr'><strong>Append.</strong></span> <span class='ocrx_word' id='word_1_284' title='bbox 1002 3647 1089 3713; x_wconf 82' lang='lat' dir='ltr'><strong>Etym.</strong></span> <span class='ocrx_word' id='word_1_285' title='bbox 1125 3648 1194 3700; x_wconf 74' lang='lat' dir='ltr'><strong>Gur.</strong></span> <span class='ocrx_word' id='word_1_286' title='bbox 1223 3666 1249 3715; x_wconf 92' lang='lat' dir='ltr'><strong>p.</strong></span> <span class='ocrx_word' id='word_1_287' title='bbox 1278 3652 1339 3703; x_wconf 83' lang='grc'>670.</span> 
     </span>
     <span class='ocr_line' id='line_1_33' title="bbox 327 3724 966 3800; baseline 0.013 -26"><span class='ocrx_word' id='word_1_288' title='bbox 327 3724 391 3778; x_wconf 83' lang='lat' dir='ltr'><strong>Cod.</strong></span> <span class='ocrx_word' id='word_1_289' title='bbox 417 3726 496 3800; x_wconf 81' lang='lat' dir='ltr'><strong>Taur.</strong></span> <span class='ocrx_word' id='word_1_290' title='bbox 521 3728 558 3778; x_wconf 88' lang='lat' dir='ltr'><strong>ib.</strong></span> <span class='ocrx_word' id='word_1_291' title='bbox 577 3745 602 3793; x_wconf 94' lang='lat' dir='ltr'><strong>p.</strong></span> <span class='ocrx_word' id='word_1_292' title='bbox 631 3731 689 3781; x_wconf 84' lang='grc'>730.</span> <span class='ocrx_word' id='word_1_293' title='bbox 726 3731 860 3797; x_wconf 88' lang='lat' dir='ltr'><strong>Moschop.</strong></span> <span class='ocrx_word' id='word_1_294' title='bbox 879 3750 905 3797; x_wconf 86' lang='lat' dir='ltr'><strong>p.</strong></span> <span class='ocrx_word' id='word_1_295' title='bbox 925 3735 966 3782; x_wconf 80' lang='lat'><strong>31.</strong></span> 
     </span>
    </p>
   </div>
   <div class='ocr_carea' id='block_1_5' title="bbox 285 3811 1340 3991">
    <p class='ocr_par' dir='ltr' id='par_1_6' title="bbox 285 3811 1340 3991">
     <span class='ocr_line' id='line_1_34' title="bbox 285 3811 1340 3927; baseline 0.014 -35"><span class='ocrx_word' id='word_1_296' title='bbox 285 3841 305 3907; x_wconf 79' lang='lat'><strong>³)</strong></span> <span class='ocrx_word' id='word_1_297' title='bbox 325 3840 403 3912; x_wconf 76' lang='grc' dir='ltr'>ὑγιοῦς</span> <span class='ocrx_word' id='word_1_298' title='bbox 427 3811 499 3897; x_wconf 76' lang='lat' dir='ltr'><strong>deest</strong></span> <span class='ocrx_word' id='word_1_299' title='bbox 523 3847 552 3895; x_wconf 87' lang='lat' dir='ltr'><strong>in</strong></span> <span class='ocrx_word' id='word_1_300' title='bbox 570 3847 628 3899; x_wconf 79' lang='lat' dir='ltr'><strong>cod.</strong></span> <span class='ocrx_word' id='word_1_301' title='bbox 649 3848 728 3901; x_wconf 89' lang='lat' dir='ltr'><strong>Taur.</strong></span> <span class='ocrx_word' id='word_1_302' title='bbox 754 3855 780 3900; x_wconf 88' lang='lat' dir='ltr'><strong>et</strong></span> <span class='ocrx_word' id='word_1_303' title='bbox 798 3867 840 3917; x_wconf 88' lang='lat' dir='ltr'><strong>ap.</strong></span> <span class='ocrx_word' id='word_1_304' title='bbox 865 3852 963 3903; x_wconf 86' lang='lat' dir='ltr'><strong>hlosch.</strong></span> <span class='ocrx_word' id='word_1_305' title='bbox 993 3849 1103 3925; x_wconf 81' lang='grc' dir='ltr'>όγιυόσης</span> <span class='ocrx_word' id='word_1_306' title='bbox 1120 3854 1186 3923; x_wconf 88' lang='lat' dir='ltr'><strong>App.</strong></span> <span class='ocrx_word' id='word_1_307' title='bbox 1210 3856 1253 3910; x_wconf 83' lang='lat' dir='ltr'><strong>Et.</strong></span> <span class='ocrx_word' id='word_1_308' title='bbox 1272 3852 1340 3927; x_wconf 81' lang='grc' dir='ltr'>όγιης</span> 
     </span>
     <span class='ocr_line' id='line_1_35' title="bbox 327 3931 1051 3991; baseline 0.018 -13"><span class='ocrx_word' id='word_1_309' title='bbox 327 3931 385 3982; x_wconf 83' lang='grc' dir='ltr'><strong>ν,1.</strong></span> <span class='ocrx_word' id='word_1_310' title='bbox 407 3931 546 3981; x_wconf 87' lang='lat' dir='ltr'><strong>adnotatur</strong></span> <span class='ocrx_word' id='word_1_311' title='bbox 562 3934 590 3982; x_wconf 92' lang='lat' dir='ltr'><strong>in</strong></span> <span class='ocrx_word' id='word_1_312' title='bbox 608 3934 689 3986; x_wconf 85' lang='lat' dir='ltr'><strong>schol.</strong></span> <span class='ocrx_word' id='word_1_313' title='bbox 707 3937 786 3990; x_wconf 89' lang='lat' dir='ltr'><strong>Dion.</strong></span> <span class='ocrx_word' id='word_1_314' title='bbox 807 3939 878 3988; x_wconf 83' lang='lat' dir='ltr'><strong>etin</strong></span> <span class='ocrx_word' id='word_1_315' title='bbox 897 3940 952 3990; x_wconf 84' lang='lat' dir='ltr'><strong>eod.</strong></span> <span class='ocrx_word' id='word_1_316' title='bbox 973 3941 1051 3991; x_wconf 82' lang='lat' dir='ltr'><strong>Taur.</strong></span> 
     </span>
    </p>
   </div>
   <div class='ocr_carea' id='block_1_6' title="bbox 284 4045 788 4120">
    <p class='ocr_par' dir='ltr' id='par_1_7' title="bbox 284 4045 788 4120">
     <span class='ocr_line' id='line_1_36' title="bbox 284 4045 788 4120; baseline 0.022 -24"><span class='ocrx_word' id='word_1_317' title='bbox 284 4046 304 4112; x_wconf 75' lang='grc'><strong>4)</strong></span> <span class='ocrx_word' id='word_1_318' title='bbox 323 4045 499 4118; x_wconf 79' lang='grc' dir='ltr'>ἐταγγελτικόν</span> <span class='ocrx_word' id='word_1_319' title='bbox 517 4052 595 4104; x_wconf 86' lang='lat' dir='ltr'><strong>Taur.</strong></span> <span class='ocrx_word' id='word_1_320' title='bbox 616 4057 642 4103; x_wconf 88' lang='lat' dir='ltr'><strong>et</strong></span> <span class='ocrx_word' id='word_1_321' title='bbox 660 4055 727 4120; x_wconf 85' lang='lat' dir='ltr'><strong>App.</strong></span> <span class='ocrx_word' id='word_1_322' title='bbox 745 4055 788 4109; x_wconf 83' lang='lat' dir='ltr'><strong>Et.</strong></span> 
     </span>
    </p>
   </div>
   <div class='ocr_carea' id='block_1_7' title="bbox 277 4165 1339 4316">
    <p class='ocr_par' dir='ltr' id='par_1_8' title="bbox 277 4165 1339 4316">
     <span class='ocr_line' id='line_1_37' title="bbox 277 4165 1339 4249; baseline 0.011 -33"><span class='ocrx_word' id='word_1_323' title='bbox 277 4165 303 4230; x_wconf 81' lang='lat'><strong>‘⁵)</strong></span> <span class='ocrx_word' id='word_1_324' title='bbox 322 4166 365 4217; x_wconf 82' lang='lat' dir='ltr'><strong>Sic</strong></span> <span class='ocrx_word' id='word_1_325' title='bbox 392 4168 492 4222; x_wconf 83' lang='lat' dir='ltr'><strong>Theod.</strong></span> <span class='ocrx_word' id='word_1_326' title='bbox 523 4169 719 4243; x_wconf 79' lang='grc' dir='ltr'>όμολογουμὲνης</span> <span class='ocrx_word' id='word_1_327' title='bbox 742 4175 824 4227; x_wconf 83' lang='lat' dir='ltr'><strong>schol.</strong></span> <span class='ocrx_word' id='word_1_328' title='bbox 844 4177 900 4227; x_wconf 87' lang='lat' dir='ltr'><strong>eod.</strong></span> <span class='ocrx_word' id='word_1_329' title='bbox 921 4176 999 4231; x_wconf 83' lang='lat' dir='ltr'><strong>Taur.</strong></span> <span class='ocrx_word' id='word_1_330' title='bbox 1019 4178 1118 4229; x_wconf 79' lang='lat' dir='ltr'><strong>Mosch</strong></span> <span class='ocrx_word' id='word_1_331' title='bbox 1138 4176 1339 4249; x_wconf 66' lang='grc' dir='ltr'>ὁμολογουμένην</span> 
     </span>
     <span class='ocr_line' id='line_1_38' title="bbox 323 4252 454 4316; baseline 0.053 -17"><span class='ocrx_word' id='word_1_332' title='bbox 323 4252 390 4316; x_wconf 86' lang='lat' dir='ltr'><strong>App.</strong></span> <span class='ocrx_word' id='word_1_333' title='bbox 410 4252 454 4308; x_wconf 76' lang='lat' dir='ltr'><strong>Et.</strong></span> 
     </span>
    </p>
   </div>
   <div class='ocr_carea' id='block_1_8' title="bbox 0 0 1517 4709">
    <p class='ocr_par' dir='ltr' id='par_1_9' title="bbox 0 0 1517 4709">
     <span class='ocr_line' id='line_1_39' title="bbox 0 0 1517 4709; baseline 0 0"><span class='ocrx_word' id='word_1_334' title='bbox 0 0 1517 4709; x_wconf 95' lang='lat' dir='ltr'><strong> </strong></span> 
     </span>
    </p>
   </div>
  </div>
 </body>
</html>
