3009 4709
203 595 406 661 Ammianum
426 615 490 656 non
512 590 552 656 de
573 590 711 654 virorum
740 586 864 650 illorum
886 581 1039 649 domicilio
1061 603 1172 668 agere,
1201 582 1258 650 sed
1280 582 1320 649 de

205 720 242 763 eo
271 696 350 775 loco,
373 692 425 757 ubi
446 690 544 755 literis
566 700 637 753 sunt
658 686 808 753 instructi.
822 691 852 762 ¹)
894 684 1008 769 Itaque
1029 682 1061 747 id
1083 706 1207 769 quoquc
1228 706 1320 769 appa·

203 811 263 877 ret,
294 795 411 858 nullam
444 815 510 858 csse
533 812 655 855 causam
677 812 731 853 cur
752 798 937 866 statuamus,
969 782 1202 866 Herodianum,
1236 793 1322 849 antc-

206 919 299 982 quam
314 894 445 958 Romam
467 900 549 956 essct
569 891 735 978 profectus,
747 887 848 951 Musei
869 884 1128 965 fuissesodalem3
1153 884 1322 971 quodvero

205 993 368 1057 Wettinus
390 991 477 1076 quasi
498 991 588 1055 huius
609 989 655 1054 rei
674 997 892 1072 argumentum
914 984 1090 1049 dubitanter
1110 984 1212 1047 attulit
1225 992 1323 1062 (corn-

207 1104 303 1159 ment.
327 1092 365 1156 de
386 1091 465 1156 Her.
488 1113 517 1176 p.
540 1091 594 1172 4),
622 1086 837 1154 Herodianum
858 1080 1017 1168 προτάσεις
1039 1082 1205 1169 scripsisse,
1229 1082 1260 1147 id
1281 1106 1323 1148 ne

206 1193 363 1258 minimam
383 1189 507 1277 quidem
529 1187 761 1255 demonstrandi
782 1186 846 1250 sim
868 1186 978 1265 habet,
1001 1204 1071 1260 cum
1092 1183 1165 1246 talia
1189 1205 1285 1268 opera
1305 1207 1324 1247 a

207 1291 311 1356 'multis
333 1288 543 1375 grammaticis
564 1310 669 1375 neque
689 1287 791 1352 solum
811 1310 830 1349 a
852 1283 953 1349 Musei
975 1281 1131 1347 sodalibus
1153 1280 1324 1369 composita

210 1415 277 1458 esso
299 1392 439 1456 sciamus.

273 1488 453 1568 Quaesitum
476 1496 521 1554 est
542 1511 559 1550 a
580 1487 654 1550 viris
677 1485 790 1566 doctu,
821 1495 925 1549 utrum
946 1482 1064 1549 Aelio
1092 1506 1205 1549 nomen
1234 1482 1326 1548 fuerit

210 1589 394 1654 Herodiano
416 1610 523 1653 necne.
546 1584 640 1664 Quod
662 1608 731 1649 curn
753 1595 908 1669 negarent
926 1584 1065 1649 Foltzius
1085 1584 1217 1669 (quaest.
1244 1582 1323 1649 Her.

214 1712 243 1774 p.
266 1690 318 1771 27)
341 1697 371 1752 et
393 1688 446 1773 qui
468 1709 539 1752 curn
551 1696 671 1751 secutus
687 1696 734 1751 est
748 1683 1020 1750 Gracfcnbahnius
1032 1683 1163 1766 (Gesch.
1182 1686 1213 1748 d.
1230 1684 1324 1750 klass.

216 1788 300 1852 Phil.
324 1788 343 1851 3
365 1811 396 1873 p.
419 1788 482 1869 73),
503 1787 582 1851 miro
604 1785 696 1850 modo
719 1794 791 1849 sunt
811 1786 1027 1868 argumentati.
1056 1784 1215 1849 Dixerunt
1234 1784 1326 1865 enim,

213 1911 329 1954 nomen
349 1888 426 1951 illud
449 1888 481 1950 in
503 1909 611 1952 corum
633 1896 753 1949 tantum
780 1884 931 1949 librorum
959 1884 1208 1969 inscriptionibus
1237 1905 1327 1969 repe

212 1987 276 2068 riri,
299 1987 351 2072 qui
375 1988 412 2050 ab
434 1986 614 2051 Herodiano
636 1985 840 2070 grammatico
868 1984 1029 2070 compositi
1050 2007 1115 2048 non
1144 1993 1255 2049 essent.
1299 1982 1327 2047 Ε

214 2087 367 2151 contrario
390 2096 493 2150 autem
514 2084 546 2149 id
567 2086 667 2172 ipsum
697 2109 774 2172 opus
803 2086 887 2170 quod
914 2085 1027 2166 solum,
1057 2084 1149 2170 quale
1177 2085 1327 2169 scripturn

215 2196 261 2250 est
294 2187 331 2250 ab
360 2185 561 2265 Herodiano,
595 2186 634 2249 ad
661 2209 719 2251 nos
747 2185 907 2272 pervenit,
939 2184 1118 2269 inscriptum
1148 2194 1196 2250 cst
1228 2183 1326 2247 Αἰλίου

213 2284 397 2368 ‘spaciosae
419 2284 485 2368 περὶ
506 2286 655 2368 μονήρους
681 2285 802 2359 λέξεως.
845 2284 929 2349 Huic
960 2285 1113 2349 accedunt
1133 2282 1233 2348 auton
1262 2287 1328 2367 aspi

216 2383 430 2466 ἐγκλινομένων
453 2382 579 2464 λέξεων,
611 2381 711 2448 Αἰλίου
732 2383 920 2467 Ἦρωδιανοῦ
951 2384 1145 2469 σχηματισμοὶ
1164 2382 1330 2469 Ὃμηριιιοί,

217 2482 283 2565 περὶ
311 2481 527 2566 ἡμαρτημένων
556 2483 678 2566 λέξεων,
706 2485 893 2569 Φιλέταμος,
927 2504 1009 2567 quae
1032 2486 1179 2572 opuscula
1209 2485 1330 2551 librarii

217 2594 298 2648 certe
318 2583 430 2648 illustri
450 2586 653 2668 grammatico
670 2584 802 2650 adscribi
819 2584 999 2666 volucrunt3
1022 2585 1234 2651 commentarii
1248 2586 1331 2650 enim

217 2682 269 2766 qui
310 2692 355 2748 cst
393 2686 460 2765 περὶ
500 2681 659 2766 σχημάτων
688 2685 888 2771 inscriptione
923 2685 999 2749 nihil
1030 2685 1154 2771 probari
1183 2685 1330 2750 concedo.

217 2782 281 2850 Sed
294 2804 393 2869 paene
406 2783 534 2846 nimium
553 2785 603 2847 diu
619 2808 845 2850 commoramur
857 2784 888 2848 in
903 2808 937 2850 re
953 2785 1184 2871 simplicissima.
1217 2784 1332 2851 Nonne

218 2883 299 2946 enirn
322 2883 395 2947 satis
417 2883 579 2970 probabile
607 2894 668 2966 est,
690 2884 917 2966 Herodianum,
940 2886 1055 2971 quippe
1077 2887 1129 2970 qui
1153 2886 1185 2950 in
1211 2886 1332 2952 honore

221 2991 301 3045 essct
321 2982 403 3067 apud
424 2982 603 3071 principem,
626 2984 748 3049 civitate
772 3006 838 3049 esse
857 2983 1025 3049 donatum?
1067 2984 1107 3049 Id
1128 3008 1203 3050 vcro
1226 2994 1334 3050 uotum

219 3088 280 3161 cst,
293 3082 492 3165 peregrinos,
508 3092 671 3167 postquam
687 3084 834 3169 principis
854 3083 1005 3148 beneficio
1030 3082 1113 3148 cives
1137 3072 1210 3148 facti
1237 3094 1334 3167 crant,

219 3203 334 3245 nomen
362 3181 426 3244 eius
456 3202 577 3246 sumere
597 3182 702 3246 solitos
730 3204 806 3247 esse.
850 3180 958 3267 Itaque
981 3204 1050 3246 cum
1072 3182 1116 3247 M.
1144 3184 1333 3263 Antoninus,

219 3302 237 3341 a
260 3279 297 3343 Τ.
319 3279 413 3344 Aelio
444 3280 604 3345 Antonino
626 3280 799 3366 adoptatus
821 3280 931 3346 Aeliae
953 3305 1077 3367 quoque
1095 3283 1199 3369 gentis
1221 3303 1335 3348 nomen

220 3378 324 3443 tulerit
348 3381 388 3463 π),
416 3403 474 3466 pro
504 3392 588 3446 certo
616 3379 725 3462 habeo,
753 3380 814 3445 hoc
846 3401 960 3445 nornen
990 3383 1028 3445 ab
1058 3382 1240 3449 Herodiano
1269 3406 1337 3449 csse

221 3490 420 3566 assumptum.
449 3516 489 3527 -
517 3480 647 3544 Frustra
675 3490 778 3544 autem
811 3482 868 3545 fuit
896 3480 1121 3566 Goetfflngim,
1153 3482 1337 3550 Herodiano

222 3601 337 3644 nomen
364 3579 598 3644 Alexandro
619 3580 704 3666 prius
735 3580 828 3646 fuisse
854 3582 1022 3667 suspicatus
1062 3583 1178 3665 (Lehre
1199 3610 1228 3650 v.
1260 3585 1337 3651 Ace.

222 3702 252 3764 p.
277 3681 341 3761 11),
372 3703 442 3745 eum
464 3703 502 3746 eo
525 3703 588 3766 quo
610 3680 718 3755 nititur
739 3679 818 3747 Julii
840 3680 1006 3767 Capitolini
1027 3683 1096 3749 loco
1119 3684 1175 3769 (M.
1209 3688 1283 3751 Ant.
1306 3687 1338 3769 2)

224 3857 527 3867 -α--ι-Ἢ

286 3966 305 4032 ¹)
323 3967 439 4015 Patriam
460 3983 512 4016 non
530 3968 702 4033 significatum
720 3986 776 4020 csse
796 3986 829 4021 ex
846 3987 932 4021 rerum
952 3977 1185 4037 ooncxuapparct;
1205 3973 1340 4038 minusque

324 4058 444 4102 accurate
462 4053 563 4103 locutus
585 4060 653 4104 esset
671 4055 829 4118 Ammianus,
849 4058 871 4106 si
890 4058 922 4107 do
941 4058 1025 4123 patria
1050 4059 1201 4123 cogitasset:
1231 4061 1341 4118 Aristar·

255 4160 267 4174 ν
327 4137 402 4186 chum
421 4138 490 4187 enim
509 4139 682 4189 Alexandriae
700 4156 752 4190 non
771 4146 861 4190 natum
882 4158 937 4193 csse
955 4159 1030 4193 nomo
1049 4145 1140 4194 nescit.

285 4268 310 4335 Α)
329 4270 425 4321 Marini
442 4273 513 4323 Frat.
533 4277 593 4332 Arc.
612 4277 710 4332 xxm.
747 4277 830 4328 Orelli
848 4280 908 4331 857.
929 4281 1006 4334 6315.
