3009 4709
728 371 753 448 4

664 481 815 494 ΓῚΙΨὮΛΛΛΛΛΝὮ

137 607 139 614 ’
182 618 265 662 nunc
293 594 417 680 Uhligii
444 597 659 664 emendatione
687 598 863 664 Alexandri
899 598 1152 666 Cotiaeonsis
1183 624 1297 668 nornen

182 696 356 762 restitutum
376 696 425 760 sit.

244 797 296 863 De
319 805 540 882 temporeque
562 797 676 863 vixerit
697 798 913 881 Herodianus,
943 801 975 865 id
1003 803 1104 867 solum
1129 826 1185 890 pro
1211 812 1295 868 certo

183 896 288 961 dicere
309 918 478 982 possumne,
502 897 616 980 quod
607 920 669 962 ram
691 919 708 961 e
729 900 910 964 testimoniis
929 924 1022 987 supra
1034 903 1117 966 alla
1096 913 1134 966 trs
1149 913 1294 989 apparet.

180 995 320 1061 floruisse
343 1019 413 1061 eum
435 998 491 1064 sub
513 994 557 1062 Μ
579 996 647 1061 Ant
636 997 741 1064 tonino
764 998 960 1085 imperatore.
1003 1001 1093 1067 Idem
1122 1002 1216 1066 tradit
1203 1011 1252 1065 tur
1277 1026 1295 1065 a

181 1092 328 1177 suidas
349 1081 500 1180 Syncellu
522 1102 565 1182 (p
588 1096 648 1161 353
669 1097 726 1178 A),
749 1097 888 1183 denique
909 1101 948 1164 ab
969 1124 1126 1186 anonymo
1149 1101 1294 1187 quodam,

181 1194 265 1259 ouius
293 1196 392 1260 verba
420 1194 548 1279 protulit
537 1194 754 1262 tLambccius
785 1204 910 1275 (comm.
937 1199 976 1263 de
1004 1201 1078 1266 bibl
1106 1201 1200 1265 Vind
1223 1203 1294 1285 tp.

183 1295 271 1378 189);
295 1316 334 1366 ex
355 1294 391 1359 iis
413 1317 492 1381 quae
512 1294 624 1362 Suidas
645 1296 732 1360 addit
755 1295 797 1369 ὡς
819 1294 965 1381 νεώτερον
988 1296 1060 1363 εἶναι
1081 1300 1130 1364 καὶ
1142 1300 1293 1364 Διονυσίου

179 1400 231 1458 τοῦ
253 1383 304 1477 τὴν
334 1394 476 1478 μουσικὴν
505 1394 632 1478 ἱστορίαν
658 1392 825 1479 γράψαντος
853 1399 901 1460 καὶ
929 1398 1066 1473 onlong
1093 1405 1145 1462 τσῦ
1168 1397 1293 1482 Βυβλῖου

178 1495 351 1561 nihil'novi
373 1496 589 1582 comperimus.
632 1495 703 1560 Hoc
724 1497 854 1560 fortasse
882 1520 922 1562 ex
951 1500 1099 1583 anonymi
1127 1498 1293 1585 biographi

178 1596 317 1672 verbis¹)
330 1594 513 1661 concludere
529 1595 610 1677 licet,
625 1594 841 1662 Herodianum
854 1598 997 1661 iuvenem
1008 1597 1143 1662 Romam
1152 1596 1293 1676 venisse3
1392 1617 1395 1668 2

171 1689 264 1781 'quod
296 1695 322 1758 si
354 1716 461 1759 verum
481 1706 535 1778 est,
557 1696 719 1782 probabile
740 1697 785 1776 fit,
807 1696 898 1760 etiam
921 1696 1084 1763 Commodi
1102 1697 1293 1782 temporibus

180 1817 251 1861 eum
270 1797 352 1862 inter
373 1795 460 1860 vivos
482 1796 586 1859 fuisse.
628 1795 844 1860 Herodianum
864 1796 1044 1863 historicum
1060 1820 1128 1860 cum
1140 1818 1293 1880 gramma-

178 1897 238 1962 tico
272 1898 458 1982 cognatione
494 1896 587 1960 fuisse
614 1897 794 1972 iunetun12)
823 1918 924 1983 noque
953 1897 1051 1960 refelli
1081 1919 1182 1981 neque
1211 1920 1292 1961 com·

177 1998 304 2082 probari
331 2005 453 2083 potest;
489 2019 529 2061 ex
557 1994 623 2088 solo
645 1995 772 2061 nomine
802 1998 856 2061 vix
889 1998 1056 2085 quidquam
1086 1995 1290 2080 consequitur.
1369 2024 1372 2028 >

107 2152 111 2158 .
177 2095 224 2159 Ea
246 2115 336 2176 vero,
366 2119 445 2182 quae
472 2097 631 2164 Stahrium
663 2106 786 2161 secutus
817 2096 1003 2161 Publoclrius
1032 2097 1084 2179 (de
1112 2096 1190 2162 Her.
1227 2094 1292 2157 vita

177 2206 234 2261 ete.
257 2219 286 2281 p.
310 2197 342 2278 2)
368 2196 478 2279 attulit,
502 2206 535 2259 ut
555 2197 733 2261 historicum
762 2196 954 2281 grammatici
983 2194 1079 2258 filium
1108 2194 1200 2258 fuisse
1221 2216 1290 2279 pro-

176 2293 279 2360 babile
299 2294 455 2378 redderet,
478 2295 555 2359 nihil
576 2296 722 2381 ponderis
743 2296 860 2361 habere
881 2296 935 2358 vix
957 2306 1003 2357 est
1024 2293 1107 2378 quod
1129 2291 1249 2356 addam.

693 2635 783 2710 ΙΙ.

237 2837 344 2903 Primo
364 2837 433 2902 loeo
456 2837 535 2903 de''
516 2862 552 2902 ns
575 2838 747 2903 Herodiuni
768 2838 864 2924 script
865 2839 889 2902 is
852 2823 1096 2928 tdisputare
1103 2836 1188 2901 nobis
1219 2858 1288 2948 pro·

176 2938 309 3025 positum
339 2947 400 3018 est,
437 2937 549 3022 quibus
578 2940 744 3022 maximam
766 2938 825 3003 sibi
849 2937 970 3024 paravit
991 2923 1139 3055 gloriam,
1174 2936 1288 3021 scripta

174 3038 355 3125 prosodiaca
377 3037 454 3118 dico,
477 3047 570 3123 atque
591 3029 647 3101 init
648 3039 711 3101 ium
733 3038 879 3101 faciamus
900 3061 919 3101 a
940 3038 1026 3102 libris
1047 3060 1083 3098 ne
1085 3036 1113 3118 pi
1124 3034 1229 3119 Ομηρ
1225 3045 1287 3120 ,κῆς

173 3138 351 3222 πραςῳδίας,
375 3138 484 3221 quibus
506 3160 556 3202 res
575 3137 782 3223 prosodiacaS,
805 3139 938 3223 quaein
960 3137 1148 3201 carminibus
1170 3136 1286 3199 Home·

173 3239 244 3303 rieis
267 3237 379 3303 dubiae
401 3258 467 3302 esse
489 3239 517 3302 ei
551 3238 749 3318 videbantur,
784 3249 925 3303 accurate
955 3238 1111 3317 tractavit,
1141 3257 1287 3298 versuum
1376 3235 1377 3239 ’

173 3339 314 3404 ordinem
326 3345 455 3402 secutus
471 3336 582 3423 Itaque
604 3346 702 3402 totum
725 3362 804 3426 opus
827 3337 957 3402 divisum
980 3347 1045 3401 erat
1066 3337 1097 3399 in
1120 3334 1194 3397 daras
1216 3355 1286 3418 par·

173 3449 228 3521 tes,
252 3460 382 3525 quarum
401 3436 488 3523 prior
510 3438 549 3500 ad
571 3436 719 3519 Iliadem,
753 3440 850 3502 altera
871 3437 911 3500 ad
934 3435 1108 3518 Odysseam
1129 3431 1285 3517 pertinuit.

173 3537 259 3619 Quas
282 3538 392 3605 eodem
413 3547 553 3623 tempore
577 3537 672 3603 editas
701 3558 767 3601 esse
790 3536 1004 3600 demonstrant
1020 3535 1194 3619 fragmenta
1209 3554 1287 3618 quae

171 3648 244 3703 sunt
274 3637 314 3702 ad
340 3640 366 3701 H
399 3637 459 3701 199
496 3635 538 3709 ὡς
569 3635 618 3700 καὶ
648 3634 676 3698 ἐν
704 3640 741 3716 τῇ
774 3638 797 3698 Τ
829 3643 881 3719 τῆς
901 3633 1074 3705 Ὀδυσσείας
1106 3631 1285 3715 παραλόγως

173 3729 415 3821 ἐνεκλίναμεν
444 3739 507 3802 κτλ.
536 3736 576 3800 ad
599 3737 623 3799 0
653 3735 713 3800 226
741 3732 853 3815 ὁμοίως
875 3732 909 3796 δὲ
936 3732 985 3795 καὶ
1012 3731 1056 3794 ἐπ’
1080 3730 1192 3795 ἐκείνου
1221 3728 1287 3795 κατ’

172 3836 261 3922 ὀρθὸν
297 3838 381 3901 πόνον
415 3834 631 3919 ἀνέγνωμεν
663 3834 714 3918 τὴν
754 3830 784 3898 οἴ
813 3835 875 3899 κτλ.
918 3833 959 3896 ad
994 3834 1019 3895 ll
1055 3832 1095 3896 47
1120 3830 1149 3895 ἐν
1174 3831 1286 3913 ἑτέραις

233 4047 413 4136 ¹]auabeudci<
426 4046 545 4133 παρὰ
520 4048 554 4097 τῶ
572 4044 649 4115 οἰκείῳ
667 4043 740 4116 πατρὶ
764 4043 805 4097 καὶ
823 4044 852 4096 τὰ
870 4043 926 4114 τέλη
951 4062 1008 4125 apr
1011 4040 1159 4096 uerbenaeue
1176 4037 1283 4123 εἰληφὼς

273 4117 361 4201 ἀπέστη
391 4137 426 4170 απ
457 4124 529 4168 αυτοῦ
540 4097 614 4170 Par.
641 4122 666 4166 et
690 4116 781 4166 eedem
808 4117 860 4165 sere
886 4110 1116 4182 Α](1.απε’σιηπσῦ
1140 4106 1283 4166 διδάξαντος

272 4206 365 4260 neapo<
385 4189 464 4240 Taur.

231 4310 255 4375 )
273 4310 352 4372 Wolf,
371 4326 441 4363 narr.
461 4308 494 4360 de
513 4307 577 4358 Her.
599 4335 629 4343 -
654 4304 753 4355 Wettin
774 4320 799 4368 p.
819 4305 845 4357 5.
