3009 4709
635 356 637 361 '
687 362 839 465 ...ἔξω

202 579 374 645 necessario
397 578 493 647 multo
514 604 585 647 cum
606 582 642 648 iis
664 584 1014 652 communiahabebant
1031 597 1093 654 tres
1110 588 1141 671 ii,
1163 588 1318 676 quosHe·

200 680 345 745 rodianus
381 680 420 747 de
452 681 612 748 nominum
642 683 834 751 derivatione
868 696 899 751 ct
932 690 1155 776 compositione
1187 690 1323 775 scripsita

186 766 278 866 'Egit
298 790 400 845 autem
422 780 462 846 de
483 781 673 850 derivatione
693 785 727 849 in
746 784 828 850 libro
852 785 919 868 περὶ
941 788 1137 873 παρωνύμιον,
1159 789 1318 878 antaxPro-

201 882 320 946 sodium
341 879 541 946 Homericam
564 881 677 967 scripto
698 880 750 965 (ad
770 885 800 946 N
823 884 907 966 102),
930 889 1014 952 etin
1035 890 1116 956 libro
1138 892 1204 973 περὶ
1225 887 1318 973 rippa-

200 984 289 1043 auacia
322 976 477 1062 ὀνομάτων
515 979 612 1062 (Mon.
640 981 674 1063 6,
705 982 766 1065 14).
820 984 893 1067 Περὶ
922 990 1113 1076 παριμνΰμων
1144 996 1216 1053 ante'
1247 1011 1317 1054 eum

201 1080 341 1166 Trypho,
364 1080 483 1162 Habro,
505 1080 692 1168 Apollonius
709 1083 913 1169 scripserant3
946 1087 1079 1154 alterum
1097 1100 1318 1173 argumentum

201 1180 398 1266 peculiariter
418 1191 583 1246 tractatum
604 1204 666 1245 non
688 1182 804 1248 inveni.

264 1280 353 1358 Quae
376 1283 514 1365 σχήματα
533 1281 690 1347 veteribus
713 1285 923 1367 grammaticis
944 1286 1116 1370 dictasint,
1140 1289 1311 1374 Dionysius

201 1381 310 1446 Thrax
332 1382 375 1466 (p.
397 1382 468 1462 636,
485 1382 538 1467 nl)
560 1381 675 1468 aliique
696 1406 754 1449 nos
777 1384 905 1451 docentz
927 1388 1067 1471 σχήματα
1089 1383 1243 1471 ὀνομάτων
1266 1387 1320 1453 εἰσὶ

199 1481 275 1563 τρία,
298 1480 419 1561 ἁπλοῦν,
442 1480 592 1565 σύνθετον,
612 1480 837 1565 παρασάνθετον
858 1487 920 1550 κτλ.
944 1485 1011 1569 (cfr.
1024 1486 1143 1552 Ztschr.
1157 1489 1178 1552 f.
1191 1486 1318 1553 (LAW.

202 1580 281 1645 1839
304 1605 334 1667 p.
356 1580 441 1663 420.)
484 1581 525 1646 Et
546 1605 621 1649 sane
649 1593 684 1647 ut
703 1584 885 1671 Tryphonis
913 1595 944 1650 et
967 1586 1126 1671 Apollonii
1153 1586 1197 1650 ita
1225 1588 1318 1650 etiam

200 1681 373 1747 Herodiaui
395 1684 650 1748 commentarium
668 1684 735 1766 capi
758 1681 918 1767 σχημάτων
947 1686 980 1749 in
1002 1684 1140 1751 doctrina
1161 1685 1200 1749 dc
1220 1686 1318 1748 nomi·

199 1784 290 1847 nibus
312 1783 664 1870 compositisversatum
687 1785 790 1866 fuisse,
813 1785 1025 1850 demonstrant
1054 1785 1115 1851 duo
1145 1787 1209 1850 eius
1235 1785 1318 1868 frng-

200 1893 321 1962 menta,
359 1906 438 1969 quae
468 1894 591 1950 exstant
612 1885 695 1970 apud
728 1884 805 1950 ller.
835 1884 875 1948 ad
903 1885 1013 1952 1502„
1035 1886 1086 1951 Et.
1109 1909 1150 1950 m.
1177 1886 1244 1965 137,
1266 1884 1316 1948 33.

199 1982 298 2047 Aliud
329 1997 548 2069 argumentum
582 1985 607 2048 is
643 1984 728 2049 locus
757 1985 886 2051 exhibet
912 1984 965 2071 qui
993 1995 1039 2049 est
1075 1986 1108 2049 in
1149 1984 1247 2050 schol.
1276 1982 1315 2048 ad

199 2082 238 2146 ΙΙ.
267 2086 289 2146 Γ
317 2084 398 2163 391,·
426 2106 528 2170 neque
564 2095 667 2149 tamen
690 2108 726 2150 ea
747 2108 783 2150 re
804 2084 1042 2166 ostendendum,
1072 2109 1142 2149 cum
1162 2086 1316 2171 permulta

200 2204 219 2245 a
246 2184 404 2249 veteribus
424 2185 633 2269 grammaticis
653 2185 687 2247 in
715 2194 891 2248 transcursu
915 2194 1155 2249 commemorata
1182 2182 1313 2270 explica·

199 2294 294 2368 taque
330 2306 397 2350 osse
426 2285 542 2349 nemini
572 2286 712 2369 ignotum
735 2286 784 2349 sit.
818 2283 951 2349 Librum
981 2283 1069 2349 illum
1097 2284 1239 2350 rhetorici
1264 2304 1309 2346 ar-

200 2384 356 2467 gumenti,
398 2384 450 2469 qui
485 2383 571 2448 Aelii
597 2382 768 2450 Herodiani
811 2404 926 2448 nomon
965 2384 1069 2449 ferens
1102 2384 1142 2448 ad
1177 2394 1312 2448 nostram

201 2495 333 2549 aetatem
361 2484 520 2570 pervenit,
553 2485 591 2549 ab
622 2484 707 2550 Hero
722 2484 801 2548 inno
829 2484 1031 2569 grammatico
1059 2506 1152 2569 quam
1179 2482 1312 2548 maxime

200 2584 335 2649 alienum
355 2606 423 2649 esse
444 2583 582 2649 Foltzius
604 2584 703 2649 evicit.
746 2583 812 2651 Sed
833 2583 917 2649 idem
939 2581 1149 2669 quaestionem
1177 2582 1217 2647 dc
1238 2602 1313 2646 vcro

199 2684 378 2771 posterioris
399 2684 495 2769 partis
516 2684 666 2770 scriptore
687 2685 767 2748 iusto
788 2682 1007 2768 neglegentius
1029 2683 1180 2749 tractavit.
1219 2681 1314 2744 Putat

200 2786 283 2852 enim
305 2808 373 2851 eam
395 2783 595 2870 compositam
617 2806 684 2850 csse
705 2785 744 2848 ab
767 2783 951 2848 Herodiano
971 2783 1183 2870 peripatetico,
1212 2778 1313 2864 Apol·

198 2886 274 2952 lonii
297 2885 426 2972 Dyscoli
447 2885 541 2949 fratre
562 2886 605 2970 (p.
627 2884 690 2967 34).
717 2883 769 2949 De
790 2907 852 2969 quc
874 2883 942 2950 viro
964 2883 1128 2948 certiorem
1149 2902 1220 2947 eum
1240 2879 1314 2943 fecit

198 2986 366 3068 Fabricius,
389 2985 473 3049 cuius
496 2984 692 3049 Bibliotheca
712 2982 837 3048 Graeca
857 3004 921 3047 non
942 2983 1031 3047 aliter
1052 3005 1088 3046 ac
1109 2982 1222 3048 veteris
1241 2978 1312 3044 scri—

197 3088 295 3175 ptoris
317 3106 411 3173 opere
439 3086 543 3149 utitur.
575 3082 625 3148 Ao
652 3103 726 3147 sane
751 3081 913 3147 Fabricius
943 3081 1008 3148 ΠΙ.
1030 3105 1061 3168 p.
1083 3082 1144 3148 466
1175 3079 1313 3147 nominat

198 3187 402 3275 Apollonium
441 3184 690 3250 Alexandrinum
731 3183 982 3271 peripateticum
1024 3179 1078 3245 sed
1115 3181 1312 3261 Plutarchus,

197 3290 282 3353 cuius
314 3285 528 3353 auctoritatem
557 3286 663 3366 affert,
695 3294 919 3350 commemorat
954 3281 1080 3367 quidem
1110 3280 1312 3368 Apollonium

196 3389 439 3475 peripateticum,
463 3409 565 3471 neque
585 3406 660 3450 vcro
680 3407 751 3451 eum
763 3383 976 3449 Alexandriae
996 3393 1104 3446 natum
1124 3381 1217 3447 fuisse
1239 3379 1312 3445 dicit

198 3492 251 3571 (de
274 3490 345 3555 frat.
366 3511 426 3553 am.
452 3488 489 3552 16
509 3509 539 3572 p.
560 3485 645 3569 487).
678 3483 761 3548 Eum
790 3495 893 3548 nutem
914 3481 1117 3568 Apollonium
1136 3480 1310 3566 Dyscolum

196 3610 273 3671 esse,
295 3611 397 3673 neque
416 3585 600 3651 Plutarchus
620 3606 722 3670 neque
738 3583 899 3648 Fabricius
921 3582 976 3649 sed
997 3582 1081 3648 solus
1098 3578 1236 3645 Foltaius
1258 3599 1311 3642 ex·

196 3689 351 3776 cogitavit.
394 3687 495 3752 Huius
518 3683 678 3771 Apollonii
711 3684 839 3749 fratrem
866 3682 1025 3748 Fabricius
1056 3703 1086 3766 p.
1111 3680 1172 3748 496
1202 3678 1309 3745 ailert:

196 3812 257 3875 quo
278 3800 402 3854 auctore
423 3788 506 3852 nisus
534 3787 573 3849 sit
594 3786 708 3849 nescio.
751 3782 817 3850 Sed
846 3791 880 3846 ut
907 3781 984 3845 haec
1011 3779 1130 3847 somnia
1157 3778 1310 3866 relinqua·

195 3915 279 3972 mue,
311 3891 344 3955 id
372 3888 493 3954 Foltzic
520 3884 752 3951 concedendum
780 3892 844 3962 est,
874 3882 989 3948 librum
1013 3882 1100 3948 illum
1126 3880 1309 3948 Herodiano

194 4003 248 4055 aut
270 4013 376 4056 errore
396 3988 585 4073 adscriptum
605 4006 709 4050 essee
738 3982 874 4063 librario,
901 3982 954 4068 qui
979 3980 1215 4065 grammaticum
1241 3980 1309 4063 capi

197 4087 357 4174 σχημάτων
379 4090 479 4175 egisse
503 4087 599 4167 scivit,
621 4094 674 4148 aut
695 4105 729 4149 re
749 4106 825 4148 vera
845 4082 884 4146 ab
905 4082 966 4147 alio
988 4082 1123 4167 quodam
1140 4081 1233 4148 Aelio
1245 4078 1308 4143 He·

194 4191 325 4258 rodiano
347 4212 415 4255 csse
436 4189 648 4275 compositum.
694 4184 808 4253 Utrum
829 4193 932 4249 autam
955 4205 1064 4248 verum
1084 4182 1136 4264 sit,
1157 4182 1211 4248 vix
1233 4178 1308 4245 diiu·
1342 4171 1346 4176 ⁵

195 4292 288 4360 dicari
310 4312 400 4379 posse
421 4289 564 4357 arbitror.
