3009 4709
695 477 712 486 Ν
725 379 845 486 ,ἐμὲ

207 600 336 679 propter
365 589 446 654 hunc
467 589 568 656 solum
595 591 697 656 locum
724 590 764 657 de
784 590 932 677 peculiari
959 593 1027 675 περὶ
1050 595 1222 675 παθητικῶν
1244 589 1327 659 libro

207 689 404 774 cogitandum
429 711 506 757 esse.

268 789 400 854 Librum
434 789 501 873 περὶ
534 795 668 873 μετοχῶν
697 791 896 857 Herodianus
925 794 998 857 citat
1032 792 1072 858 de
1097 792 1182 859 Mon.
1211 794 1248 873 5,
1285 793 1327 859 28

207 888 392 973 (δείκνυται),
425 889 539 954 librum
559 888 625 972 aspi
651 887 842 971 ἀντωνυμιῶν
871 890 910 953 od
938 890 1026 955 ItE
1055 894 1116 959 219
1147 871 1326 976 (δηλοῦται).

207 991 299 1055 1392
320 990 500 1073 (δείκνυται),
521 990 636 1054 librum
656 991 724 1073 περὶ
745 990 946 1074 ἐπιμρήματος
975 994 1040 1057 sive
1069 991 1136 1074 περὶ
1158 990 1327 1076 ἐπιρρημά-

206 1114 265 1154 rurs
287 1091 361 1154 adE
376 1090 433 1154 100
460 1087 626 1172 (ἐροῦμεν).
649 1091 786 1156 doMon.
810 1092 859 1172 26,
876 1092 912 1156 12
935 1091 1117 1175 (δείκνυται).
1139 1091 1266 1173 27,3at
1289 1092 1327 1156 14

207 1193 357 1273 (λέγεται).
379 1190 418 1253 ln
440 1190 488 1253 his
510 1189 548 1254 de
561 1189 699 1275 partibus
721 1189 869 1255 orationis
891 1190 1034 1275 operibus
1056 1214 1127 1256 eum
1149 1190 1327 1255 nonsnlum

207 1291 246 1355 ad
269 1290 490 1378 etymologias,
512 1290 645 1371 formos,
666 1288 905 1369 declinationes,
927 1290 983 1356 sed
1004 1290 1097 1356 etiam
1118 1290 1157 1354 ad
1177 1290 1328 1375 syntaxin

206 1391 389 1477 respexisse,
412 1412 452 1453 ex
474 1398 538 1453 tota
559 1411 621 1474 qua
643 1411 713 1454 eum
734 1389 780 1452 uti
799 1389 940 1454 videmus
960 1389 1080 1454 ratione
1110 1389 1236 1453 minime
1262 1413 1328 1455 cre·

208 1490 304 1556 dibile
326 1500 381 1569 est,
405 1511 594 1575 quamquain
615 1489 653 1551 nb
681 1511 840 1573 anonymo
868 1488 1003 1574 quodam
1024 1488 1202 1572 Byzantino
1233 1489 1327 1553 tradi·

208 1603 258 1656 tur
290 1589 432 1673 (Bachm.
456 1590 518 1652 An.
543 1588 600 1654 Gr.
631 1590 651 1652 2
673 1611 703 1674 p.
725 1588 809 1672 424).
829 1589 964 1655 Lehrsio
984 1588 1205 1655 Herodianum
1232 1589 1327 1654 etiam

206 1690 273 1773 περὶ
296 1689 430 1772 ἄρθρων,
452 1690 519 1769 περὶ
540 1684 725 1769 προθέσεων,
747 1686 814 1769 περὶ
835 1689 1006 1771 συνδέσμων
1028 1690 1185 1775 scripsisse
1206 1688 1327 1775 putanti

207 1813 269 1854 non
283 1786 474 1868 contradi003
496 1785 528 1850 id
544 1808 618 1851 vero
632 1809 725 1870 nego,
740 1799 904 1874 propterea
919 1787 981 1852 boc
1001 1789 1186 1853 arbitremur
1200 1808 1326 1854 necesse

208 1912 285 1971 usse,
307 1899 341 1952 ut
355 1886 570 1954 Herodianum
593 1886 695 1952 omnia
717 1887 863 1950 orationis
885 1899 989 1974 partes
1010 1888 1098 1974 quasi
1116 1911 1179 1955 uno
1195 1909 1326 1975 corpore

208 1988 404 2073 complexum
436 2006 503 2051 csse
524 1997 680 2071 appareat.
724 1984 826 2050 Huius
850 1988 950 2052 enim
981 1987 1098 2052 consilii
1126 1988 1245 2051 nullum
1273 2011 1325 2053 ve·

207 2088 332 2180 stigium
353 2085 541 2163 invenimus3
563 2085 624 2148 imo
646 2094 746 2150 totum
767 2083 921 2150 scribendi
949 2107 1057 2170 genus,
1087 2107 1148 2170 quo
1169 2084 1323 2152 Herodia-

207 2211 264 2253 nus
286 2187 390 2267 utitur,
413 2186 442 2250 ei
463 2206 640 2269 repugnare
662 2183 785 2248 videtur
801 2185 839 2266 ¹).

268 2287 375 2352 Liceat
394 2285 470 2349 mihi
491 2283 649 2349 occasione
671 2282 744 2347 data
764 2282 889 2370 paulum
917 2283 1042 2368 evagari
1059 2285 1217 2371 idemque,
1237 2283 1318 2367 quod

206 2388 281 2469 filio,
303 2387 396 2452 etiam
418 2382 674 2469 patriabmgnre.
695 2383 901 2468 Apollonium
920 2384 1004 2450 enim
1026 2407 1097 2449 cum
1118 2385 1158 2450 de
1180 2383 1320 2449 omnibns

206 2487 352 2553 orationis
360 2482 598 2571 partibuslibros
610 2482 820 2570 composuisse
833 2494 959 2565 constet,
971 2484 1029 2549 hos
1039 2483 1133 2549 libros
1143 2494 1246 2569 partes
1259 2492 1324 2546 tan-

206 2586 365 2653 tummodo
381 2585 474 2650 fuisso
492 2581 582 2646 unius
605 2581 752 2667 corporis
771 2601 850 2665 quae
871 2581 958 2666 τέχνη
976 2582 1158 2667 γραμματική
1178 2584 1327 2667 inscripta

207 2697 296 2769 esset,
328 2685 489 2751 Dronkius
517 2682 730 2748 demonstrare
754 2682 872 2748 studuit
911 2684 1023 2763 (rhein.
1046 2683 1126 2749 Mus.
1149 2686 1186 2746 ll
1209 2706 1240 2768 p.
1261 2681 1327 2746 549

208 2792 300 2874 sqq).
322 2786 435 2870 Neque
461 2782 540 2850 levis
560 2780 709 2848 momenti
739 2791 786 2846 est
814 2782 891 2845 baec
913 2804 972 2850 res.
1014 2783 1102 2848 Ante
1123 2779 1326 2868 Apollonium
1416 2791 1421 2796 “

207 2907 299 2956 nemo
320 2887 377 2950 fuit
397 2885 479 2948 inter
505 2880 893 2971 grammaticosGraecos,
913 2901 1005 2963 quem
1017 2882 1156 2967 singulas
1171 2902 1328 2966 gramma-

206 2989 287 3053 ticae
308 2996 411 3072 partes
434 2981 489 3047 tali
509 3003 606 3067 opere
627 2980 899 3067 comprehendisse
926 3003 982 3065 pro
1010 2993 1094 3046 certo
1128 2979 1227 3046 evinci
1257 3000 1327 3065 pos·

207 3097 263 3153 set
295 3085 378 3152 Nam
393 3081 540 3167 Dionysii
551 3080 682 3146 Thracis
706 3080 759 3162 qui
779 3081 877 3146 fertur
900 3080 1042 3145 libellum
1066 3083 1106 3144 ab
1128 3077 1328 3143 huiusmodi

208 3186 337 3253 consilio
358 3186 456 3267 longe
476 3182 611 3248 alienum
640 3203 708 3246 essc
735 3179 790 3243 vix
818 3190 863 3245 est
889 3180 973 3262 quod
999 3198 1256 3257 commemorem
1287 3177 1328 3246 de

207 3284 417 3373 Tyrannionis
445 3291 547 3348 autem
575 3279 642 3362 περὶ
669 3284 726 3343 τῶν
749 3281 849 3362 μερῶν
878 3281 933 3342 τοι]
958 3276 1050 3360 λόγον
1079 3286 1110 3340 et
1130 3275 1328 3359 Asclepiadis

206 3385 431 3471 Anterotisque
444 3380 511 3464 napi
529 3383 729 3462 γραμματικῆς
750 3377 835 3442 libris
861 3377 937 3441 nihil
962 3375 1179 3458 ferentinus:
1203 3395 1327 3458 respec-

147 3517 152 3526 ’
207 3491 246 3551 tis
267 3482 455 3572 paucissimis
485 3500 563 3570 quae
591 3502 632 3546 ex
653 3477 862 3562 Tyrannionis
892 3484 923 3541 et
952 3473 1146 3560 Asclepiadis
1174 3474 1327 3558 operibus

207 3594 372 3671 supersunt
392 3580 573 3666 fragmentis
594 3576 725 3663 cogitari
747 3586 860 3661 potest,
888 3574 922 3637 in
942 3573 1121 3642 universum
1142 3582 1262 3636 tuntum
1285 3573 1327 3638 de

207 3683 409 3769 grammatino
419 3681 618 3767 partibusque
633 3677 844 3746 orationiseos
861 3676 1018 3758 egisse²);
1038 3671 1155 3738 accedit
1178 3672 1263 3752 quod
1281 3673 1327 3740 Ar

414 3837 515 3850 unu—d—

270 3937 288 4006 ¹)
306 3939 354 3988 Ars
378 3934 558 4003 grammatica,
588 3928 740 3982 aNessclio
768 3928 846 3981 catal.
874 3923 947 3975 codd.
968 3924 1127 3988 vin‹1.4p.
1148 3922 1196 3970 138
1215 3936 1327 3970 commo·

310 4028 421 4085 morata,
451 4036 527 4087 quarn
552 4020 617 4070 mire
641 4016 795 4065 credulitate
819 4013 935 4063 Foltzius
958 4010 1108 4061 Herodiano
1133 4005 1225 4056 tribuit
1242 4005 1280 4069 (p.
1299 4003 1327 4070 6)

310 4125 343 4159 ne
361 4114 448 4159 exstat
465 4106 581 4173 quidem3
600 4107 661 4154 sunt
678 4100 756 4162 enim,
775 4114 843 4164 quae
860 4097 992 4147 Nesselius
1010 4097 1048 4144 ita
1063 4092 1213 4159 appellavit,
1233 4106 1325 4159 παμικ·

310 4190 382 4259 βολαὶ
400 4201 440 4244 τοῦ
459 4189 564 4260 μεγάλου
582 4186 699 4259 ῥήματος.
736 4187 776 4235 La
794 4184 883 4234 Bothe
903 4179 1009 4252 παρεκβ.
1028 4199 1055 4246 p.
1076 4184 1102 4234 3.

269 4311 289 4382 ²)
308 4311 380 4363 Sunt.
407 4327 429 4364 s.
445 4329 469 4361 v.
493 4304 644 4379 Τυραννίων
668 4304 680 4357 ὁ
705 4303 833 4374 νιῶτεμος.
869 4303 941 4354 Sext.
961 4301 1036 4364 Emp.
1054 4298 1115 4350 adv.
1134 4310 1241 4361 gramm.
1262 4296 1324 4346 262.
