3009 4709
727 361 767 441 31

666 456 818 470 ΜΛΝᾺΜΛΛ

185 619 338 685 quaenam
378 585 578 679 ἐρ’κλινόρεναι
605 590 655 655 καὶ
686 588 959 674 ἀναστρεφόρσναι,
996 588 1136 674 sequitur
1172 609 1302 675 praepo

185 701 332 767 sitionum
353 695 555 774 enumeratio,
578 716 639 778 qua
662 692 701 756 de
723 691 783 754 hac
797 689 864 776 ipsa
882 687 1055 754 differentia
1077 688 1188 755 iterum
1210 690 1302 755 doce-

185 822 275 879 mur,
308 804 471 883 praeterea
502 794 645 873 additur,
682 783 865 875 quibuscum
906 791 1025 854 casibus
1061 811 1123 854 una
1158 812 1303 875 quaeque

185 897 372 987 praepositio
410 892 627 979 coniungenda
662 891 710 956 sit.
758 891 869 974 Itaque
903 890 937 953 in
975 891 1034 954 hac
1070 892 1303 957 enumeratione

188 1001 221 1065 id
243 999 328 1080 quod
347 991 388 1060 ad
409 995 584 1081 prosodiam
606 990 759 1078 pertinet,
791 988 942 1055 inutiliter
962 990 1128 1076 repetitur,
1156 990 1188 1054 id
1220 991 1303 1072 quod

190 1095 329 1179 additur,
364 1096 404 1159 ad
431 1093 608 1180 prosodiam
643 1113 706 1155 non
741 1089 887 1175 pertinet.
941 1088 1047 1166 Quare
1083 1111 1151 1155 eam
1181 1108 1304 1174 quoquc

191 1199 344 1283 epitomae
363 1205 484 1280 partem
506 1214 569 1258 nou
591 1211 657 1257 esse
678 1212 736 1278 pro
758 1198 842 1255 certo
861 1189 972 1255 habeo.
1015 1188 1057 1253 Et
1078 1199 1124 1254 est
1144 1212 1218 1256 saue
1240 1192 1305 1256 eius

189 1296 274 1363 modi
306 1296 384 1360 haec
415 1293 542 1375 lacinia,
577 1302 610 1356 ut
638 1313 656 1353 a
685 1291 793 1372 quovis
822 1289 996 1375 magistello
1028 1288 1121 1353 scribi
1160 1291 1304 1375 potuerit,

189 1397 379 1477 nimiumque
405 1392 532 1459 honoris
553 1392 581 1457 ei
602 1390 817 1471 tribueremus,
839 1377 865 1452 si
888 1410 955 1454 cam
978 1410 995 1452 e
1017 1387 1198 1454 Catholicae
1218 1389 1304 1455 libro

190 1494 284 1560 XXI.
313 1495 441 1580 petitam
473 1510 539 1555 esse
574 1490 802 1555 arbitraremur.
846 1487 892 1552 =Et
919 1487 951 1550 in
972 1488 1033 1555 hoc
1054 1488 1178 1571 quidem
1200 1489 1305 1555 Hero·

192 1596 315 1659 dianum
347 1593 386 1656 de
413 1589 679 1677 praepositionum
707 1587 896 1675 anastrophe
925 1588 1095 1653 accuratius
1117 1601 1303 1654 commenta-

188 1703 255 1757 tum
276 1694 379 1772 fuisse,
401 1709 442 1756 ex
462 1700 647 1776 argumento
668 1688 733 1755 eius
754 1689 835 1767 libri,
858 1687 978 1770 dequo
1003 1686 1078 1770 dixi,
1101 1688 1210 1756 elucet.
1240 1690 1307 1756 Cur

70 1799 74 1808 “
191 1802 294 1858 autem
315 1792 508 1872 arbitremur,
540 1810 610 1854 eum
639 1789 730 1852 etiam
752 1790 784 1852 in
805 1787 886 1852 libro
909 1785 1037 1852 XVIII.
1061 1795 1200 1874 (praeter
1221 1789 1306 1854 illam

190 1892 399 1976 quam-etiam
428 1890 582 1955 Arcadius
602 1891 733 1977 praebet
765 1887 1106 1963 commemorationem)
1138 1887 1307 1970 quidquam

191 1991 312 2057 dehac
340 2012 377 2054 re
408 1990 562 2070 docuisse,
591 1988 708 2053 nullam
736 2009 773 2050 ac
793 2007 833 2049 ne
854 1985 1013 2050 minimam
1036 1985 1162 2068 quidem
1183 2011 1306 2059 causam

192 2089 294 2153 video.
316 2088 379 2156 Sed
400 2086 557 2154 sufflamus
575 2088 748 2169 Lentulum,
771 2087 825 2169 qui
846 2085 924 2150 illud
946 2088 1135 2173 probabilius
1159 2110 1228 2153 esse
1250 2110 1306 2173 pu-

194 2198 239 2252 tat
266 2188 310 2274 (p,
341 2189 428 2271 113),
456 2212 526 2256 cum
552 2190 686 2254 Ioannes
713 2184 967 2267 Alexandrinus,
999 2184 1051 2251 ubi
1083 2185 1124 2251 de
1151 2188 1306 2273 praeposi·

192 2290 342 2371 tionibus,
386 2292 479 2357 etiam
516 2289 556 2357 de
587 2312 694 2356 earum
729 2288 918 2374 anastrophe
945 2295 1170 2353 commentetur
1198 2294 1243 2372 (p.
1266 2286 1308 2353 26

192 2391 284 2471 sqq),
303 2390 379 2453 haec
399 2398 503 2456 autem
530 2400 596 2456 tota
617 2390 783 2478 disputatio
804 2390 873 2455 talis
902 2387 956 2468 sit,
979 2397 1012 2450 ut
1036 2386 1074 2452 de
1096 2398 1190 2451 unius
1211 2386 1308 2474 partis

190 2487 427 2576 transpositione
459 2513 523 2554 non
551 2489 750 2575 cogitandum
784 2511 851 2555 esse
884 2488 1027 2552 rideatur
1048 2486 1125 2567 („da
1146 2486 1197 2553 die
1221 2488 1306 2551 Dar·

192 2588 328 2674 atellung
363 2589 397 2653 in
430 2589 497 2654 sich
531 2610 567 2654 so
605 2587 933 2674 zusammenhttngend
963 2587 1017 2667 ist,
1048 2586 1117 2649 dass
1145 2585 1210 2651 sich
1238 2589 1308 2653 eine

194 2687 392 2773 Versetzung
424 2688 510 2753 nicht
541 2690 700 2754 erkeonen
727 2689 845 2770 lassu).
882 2687 986 2770 Atque
1014 2697 1087 2751 ante
1115 2683 1220 2753 omnia
1249 2689 1308 2753 hoc

192 2786 358 2852 dicendum
390 2796 444 2862 est,
477 2810 518 2853 ex
538 2786 659 2854 Ioanne
681 2789 918 2868 Alexandrino,
940 2806 1127 2873 quamquam
1147 2789 1181 2852 in
1202 2790 1308 2874 singu-

194 2885 232 2951 lis
261 2889 325 2951 eius
366 2887 488 2954 libellus
522 2889 563 2954 ad
601 2888 812 2977 supplendum
840 2888 1014 2954 Arcadium
1052 2898 1123 2974 apte
1168 2887 1308 2953 adbiberi

194 2997 304 3072 potest,
331 2988 370 3054 de
396 3009 502 3055 rerum
530 2988 745 3075 dispositione,
769 3008 830 3071 qua
850 2987 1050 3055 Herodianus
1074 2990 1107 3053 iu
1129 2988 1308 3052 universum

193 3110 266 3152 usus
286 3095 368 3171 erat,
402 3111 528 3175 promus
563 3090 642 3154 nihil
669 3111 726 3155 nos
756 3088 945 3155 concludere
977 3086 1107 3167 debere,
1142 3106 1223 3170 quae
1258 3110 1308 3153 res

197 3185 365 3269 (utimum
392 3187 533 3272 afferam)
562 3200 671 3277 aperte
699 3191 761 3254 iam
783 3212 820 3255 eo
842 3189 1088 3269 demonstratur,
1109 3188 1210 3269 quod,
1240 3210 1310 3252 cum

195 3282 394 3351 Herodianus
416 3286 455 3350 de
476 3288 702 3373 monosyllabis
722 3290 804 3354 libro
814 3288 906 3352 XIV.
929 3289 1043 3373 egerit,
1065 3286 1198 3352 Ioannes
1219 3286 1257 3351 ab
1273 3286 1309 3350 iis

192 3384 299 3471 incipit
331 3385 373 3471 (p.
403 3387 447 3462 7).
498 3384 591 3465 Quod
618 3408 693 3452 vero
721 3386 931 3472 Lentzius‘de
952 3406 1072 3471 genere
1093 3385 1307 3474 disputationis

191 3485 337 3569 protulit,
369 3485 505 3568 praeciso
525 3508 616 3572 nego.
645 3473 798 3552 «loannes
817 3487 908 3567 enim,
935 3486 989 3551 ubi
1020 3508 1144 3550 calisam
1173 3485 1311 3573 appella-

191 3583 285 3647 tionis
313 3581 374 3659 (διὰ
400 3583 428 3647 τί
448 3585 606 3666 προθέσεις
627 3582 771 3669 εἴρηνται)
800 3585 959 3672 exposuit,
980 3586 1084 3650 statim
1104 3585 1192 3649 nulla
1213 3594 1311 3650 trans·

192 3681 355 3767 grassans
389 3705 462 3748 usus
493 3683 533 3750 de
567 3687 756 3772 anastrophe
781 3685 824 3750 ita
850 3707 946 3770 agere
973 3684 1095 3771 incipit:
1127 3681 1179 3749 ἐὰν
1202 3687 1309 3766 μεταξὺ

193 3777 323 3844 πέσωσιν
344 3777 488 3865 ὀνόματος
508 3783 557 3848 καὶ
577 3781 708 3869 ῥήματος
728 3783 747 3869 ἢ
770 3787 908 3869 μετοχῆς,
937 3784 1012 3868 πρὸς
1034 3786 1179 3867 διάφορον
1210 3803 1309 3865 σημα-

193 3877 258 3942 σῖαν
279 3876 298 3963 ἢ
321 3876 634 3967 ἁναστρπρήσσνπαιῆ
658 3881 692 3947 οὒ
712 3885 777 3947 κτλ.
828 3882 948 3961 Quibus
968 3883 995 3948 si
1016 3879 1045 3946 ai
1064 3878 1221 3965 προθέσεις
1241 3903 1311 3946 ver·

192 3981 235 4045 ha
263 3984 470 4067 praecessisse
500 3984 654 4069 posueris,
683 3982 780 4049 habes
815 3981 1005 4065 singularem
1046 3981 1087 4047 de
1125 3979 1312 4065 anastrophe

193 4088 372 4165 tractatum,
395 4100 488 4164 quem
507 4083 642 4150 loannes
664 4083 747 4149 unde
768 4081 854 4149 unde
874 4090 1031 4167 sumptum
1053 4080 1311 4159 decurtatumque

194 4182 265 4246 satis
296 4194 367 4267 apte
394 4183 462 4266 ‚huc
485 4184 623 4251 inseruit.
673 4185 780 4268 Atque
808 4183 834 4247 is
861 4189 1009 4247 tractatus
1039 4181 1113 4263 quin
1142 4201 1160 4244 e
1195 4181 1311 4248 Catho-

193 4279 272 4345 licae
292 4281 373 4349 libro
394 4282 488 4348 XXI.
519 4282 657 4368 fluxerit,
680 4307 743 4351 non
766 4283 893 4365 dubito,
916 4299 977 4364 qua
997 4288 1101 4345 autem
1121 4280 1242 4347 ratione
1264 4289 1310 4345 at·
