3009 4709
262 567 414 635 Ultimum
436 588 560 654 quoque
582 570 762 638 Catholicae
775 580 876 659 eaput,
899 590 960 654 quo
981 574 1021 640 de
1038 576 1198 661 spiritibus
1213 576 1318 644 llore-

198 668 307 734 dianus
330 669 404 755 egit,
432 694 513 753 non,
542 682 576 735 ut
604 670 690 735 XIX
711 672 831 757 priores
852 671 932 753 libri,
954 672 994 737 ud
1016 674 1175 740 literarum
1197 677 1317 759 seriem,

198 768 254 835 sed
281 768 366 835 nullo
393 771 460 837 scre
486 771 595 836 ordine
616 770 820 856 compositum
842 770 935 837 fuisse
957 771 1091 859 epitoma
1115 776 1317 842 demonstrat.

197 869 330 935 Accedit
351 869 433 952 quod
445 867 557 936 Suidas
570 868 610 935 de
631 869 778 956 Philippo
797 871 933 952 quodam
954 875 1093 960 sophista
1109 875 1182 941 dicit
1196 885 1234 953 (s.
1252 881 1295 959 v.)
1309 902 1316 942 t

198 967 351 1053 ὁγρά)ας
376 970 444 1052 περὶ
470 968 644 1052 πνευμάτων
675 968 709 1033 ἐκ
735 972 794 1033 τῶν
820 967 1024 1055 (Ηρωδιανυό,
1053 974 1131 1037 κατά
1154 983 1315 1057 sterpetum

197 1070 307 1152 quibus
328 1070 432 1136 uerbis
454 1069 643 1157 probabilius
665 1070 793 1136 fortasse
816 1071 863 1150 fit,
890 1073 990 1157 ipsum
1012 1073 1229 1139 Herodianum
1252 1100 1315 1142 non

196 1169 272 1234 κατὰ
294 1176 438 1252 στοιχεῖον
460 1168 626 1257 scripsisse.
664 1169 774 1253 Neque
796 1171 922 1238 difficile
945 1184 992 1238 cst
1014 1197 1137 1239 causam
1158 1175 1248 1239 huius
1269 1178 1316 1241 rci

194 1273 380 1357 perspicere.
427 1269 509 1335 Cum
530 1272 612 1335 enim
643 1269 840 1336 Herodianus
862 1272 894 1337 in
917 1273 1139 1358 componendis
1160 1273 1314 1360 prioribus

193 1371 278 1435 libris
307 1380 487 1436 accentuum
522 1369 695 1435 doctrinam
727 1371 888 1436 continent
890 1373 959 1435 ibus
984 1374 1157 1439 necessario
1187 1385 1313 1445 coactus

195 1480 274 1535 esset
295 1469 447 1556 permulta
478 1468 544 1572 περὶ
575 1468 694 1552 χρόνων
723 1483 754 1534 ct
784 1470 850 1568 περὶ
871 1470 1045 1553 πνευμάτων
1067 1472 1205 1539 inserere
1226 1481 1314 1551 (uam

195 1571 274 1636 haec
300 1592 392 1658 saepe
427 1571 510 1635 inter
543 1593 576 1636 se
609 1569 820 1655 contingunt),
858 1593 894 1633 ca
924 1591 1003 1653 quae
1023 1571 1055 1635 in
1076 1573 1124 1638 his
1145 1573 1261 1640 libris
1253 1597 1313 1637 mm

195 1671 387 1756 exposuisset
407 1672 440 1736 in
461 1679 620 1758 postrema
641 1678 730 1754 parto
752 1671 856 1735 omnia
876 1680 1019 1758 repetere
1046 1671 1160 1753 noluit,
1191 1672 1246 1736 secl
1276 1695 1313 1738 eo

194 1778 314 1834 tantum
336 1769 378 1835 ibi
398 1767 532 1852 collegit,
554 1779 706 1849 quaeant
728 1768 759 1832 in
777 1769 838 1835 illis
859 1792 921 1833 non
938 1770 1113 1853 docuitaut,
1135 1793 1311 1858 quoesepa-

194 1871 285 1935 ratim
307 1871 419 1936 iterum
442 1869 662 1954 proferrentur,
687 1879 786 1935 certas
808 1872 847 1935 ob
869 1894 975 1935 causas
998 1870 1093 1956 digua
1114 1872 1230 1936 habuit.
1272 1872 1311 1936 In

194 1969 357 2035 scribendo
372 1969 466 2054 igitur
482 1971 543 2034 hoe
556 1967 631 2031 XX.
647 1969 737 2049 libro,
760 1971 812 2051 qui
826 1969 926 2055 potius
939 1972 1155 2057 supplementa
1171 1972 1310 2056 priorum

194 2088 285 2151 quam
300 2069 426 2156 plenam
442 2068 575 2150 aliquam
588 2068 820 2155 perfectamque
836 2070 1007 2135 doctrinam
1022 2070 1179 2150 continuit,
1191 2081 1309 2136 certum

195 2169 334 2234 ordinem
349 2169 406 2233 sibi
420 2192 484 2234 non
499 2167 669 2232 curandum
681 2191 748 2234 asse
763 2168 889 2233 censuit.
923 2168 994 2246 Qua
1007 2170 1127 2237 ratIone
1140 2170 1172 2233 id
1186 2190 1308 2252 quoquc

193 2268 274 2334 boue
291 2268 512 2355 intellegimus,
534 2291 589 2333 cur
600 2277 742 2331 accentus
757 2266 852 2332 XIX.
869 2267 963 2348 libris,
983 2277 1123 2355 tempora
1143 2281 1174 2336 et
1185 2271 1305 2357 spiritus

193 2391 255 2435 uno
267 2377 385 2433 tantum
397 2367 581 2436 tractaverit.
605 2363 831 2466 Posteriqribus
842 2368 908 2432 iure
917 2369 949 2433 id
957 2370 1306 2451 iricourrrrodumvistrn13

193 2493 230 2535 ae
249 2479 414 2556 propterea
429 2468 609 2554 Philippum
630 2468 717 2532 illum
740 2479 833 2554 eaput
853 2467 921 2551 περὶ
941 2468 1115 2551 πνευμάτων
1136 2470 1170 2533 iu
1191 2481 1306 2535 certum

106 2610 113 2622 ι
192 2569 334 2636 ordinem
353 2568 513 2654 redegisse
531 2568 682 2636 videmus.
703 2568 736 2633 Is
747 2581 855 2636 <autem
872 2578 1026 2650 tractatus
1049 2568 1102 2652 qui
1116 2567 1307 2651 ‘Hpmdsuuoci

191 2671 259 2753 περὶ
278 2668 451 2751 πνευμάτων
474 2669 637 2755 inscriptus
659 2669 689 2733 in
712 2670 817 2735 codice
836 2668 1019 2735 Florentino
1035 2678 1135 2733 exstat
1156 2668 1305 2745 (Bandiui

191 2769 279 2837 catal.
300 2769 320 2834 2
342 2790 373 2854 p.
395 2768 481 2850 338),
504 2794 566 2835 nora
588 2769 680 2835 ruodo
703 2770 828 2834 nomino
851 2768 1060 2850 Herodianeo,
1088 2767 1141 2833 scd
1164 2789 1202 2830 ne
1223 2787 1304 2830 eom·

190 2870 412 2935 memoratione
434 2870 557 2951 quidem
579 2871 691 2954 dignus
713 2857 780 2935 esse
800 2868 931 2935 videtur.

254 2969 303 3034 De
345 2969 497 3056 prosodiis
526 2970 704 3036 Atticorum
750 2969 881 3035 dialecto
924 2969 1056 3054 propriis
1092 2967 1302 3048 Herodianus,

189 3082 223 3132 ut
255 3079 328 3134 oute
358 3092 428 3134 eurn
456 3069 604 3157 Trypho,
632 3080 741 3156 postea
771 3065 923 3150 Pacatus,
957 3079 1183 3134 commentatus
1204 3078 1249 3132 est
1270 3068 1302 3130 iu

188 3169 270 3235 libro
292 3169 376 3233 cuius
398 3167 557 3255 inscriptio
587 3182 653 3237 crat
683 3168 800 3252 ’necas
837 3168 993 3251 πρυτωδία
1015 3167 1134 3250 (Sehnl.
1165 3172 1222 3232 Ar.
1242 3167 1301 3253 llq

187 3268 262 3353 487)
295 3267 359 3333 sire
390 3265 456 3350 περὶ
485 3270 620 3333 Ἀττικῶν
649 3270 825 3355 πρυσῳδιῶν
856 3269 922 3345 (Et.
944 3292 984 3332 nr.
1007 3269 1167 3349 804111).
1210 3268 1302 3334 Idem

188 3391 265 3456 opus
286 3369 378 3433 ctiam
409 3390 445 3431 π·
432 3367 475 3450 ρὶ
501 3367 638 3433 ’τΑτικῶν
668 3367 760 3432 τόνιυν
782 3368 954 3454 appellatur
975 3368 1041 3431 loco
1072 3378 1218 3451 corrupto
1249 3367 1300 3450 qui

188 3471 286 3535 estin
307 3470 410 3537 Oram.
432 3473 495 3534 An.
516 3468 587 3532 Par.
620 3470 641 3534 4
668 3491 697 3555 p.
736 3469 803 3534 182.
846 3468 897 3532 lbi
925 3467 1007 3531 enim
1040 3465 1079 3532 de
1111 3461 1189 3540 εἰλός
1210 3491 1300 3533 voea-

185 3570 262 3636 bulo
290 3570 367 3636 haee
395 3570 556 3656 leguntur:
585 3567 771 3651 όξυτόνωςή
800 3566 958 3640 κατάδυσις
988 3569 1041 3630 cori
1071 3566 1185 3649 θηρίου.
1217 3564 1298 3631 υότω

184 3669 234 3734 καὶ
253 3662 437 3752 Ἡρωδιανὸς
466 3668 496 3733 ὲν
525 3671 568 3754 τῷ
595 3667 661 3752 περὶ
682 3669 820 3733 Ἀττικῶν
842 3668 977 3738 cordiae<
997 3665 1046 3729 καὶ
1067 3663 1213 3749 μέμφεται
1239 3672 1301 3739 τοῖς

184 3768 219 3832 τό
239 3771 317 3855 (leg.
339 3772 397 3854 τῷ)
419 3793 428 3833 ι
449 3768 658 3832 κατατάττυυτι
679 3767 730 3851 τήν
759 3766 846 3839 λέξιν.
891 3766 1056 3832 Cramerus
1085 3788 1143 3851 pro
1165 3764 1299 3837 τόνόλιυς

183 3869 351 3953 legendum
380 3893 448 3935 csse
473 3868 571 3935 erodit
597 3867 690 3932 τόνων
720 3868 901 3953 μυνυβίβλῳς
933 3890 1037 3953 neque
1075 3888 1150 3931 vero
1184 3866 1300 3931 librum

183 3969 261 4033 tanti
281 3970 457 4054 argumenti
479 3966 653 4051 μυνόβιβλυν
676 3967 826 4056 appellari
846 3969 984 4034 arbitror
1005 3976 1036 4031 ct
1056 3965 1157 4033 multo
1179 3965 1299 4030 facilius

182 4068 268 4133 locus
294 4070 338 4134 ita
367 4069 485 4133 restitui
513 4078 628 4154 potest:
661 4064 740 4130 υότω
774 4069 823 4129 καὶ
855 4065 1039 4150 Ἡρωδιανὸς
1082 4064 1113 4128 ἐν
1152 4069 1198 4150 τῶ
1232 4063 1299 4146 περὶ

181 4167 319 4232 Ἀττικῶν
347 4166 441 4232 τόνων
470 4164 581 4240 εἰλός
606 4171 660 4250 (sc.
690 4188 752 4231 non
779 4162 863 4250 ἱλός).
913 4167 962 4229 καί
984 4165 1129 4248 μέμφεται
1151 4168 1214 4229 κτλ.
1258 4163 1297 4228 In

182 4269 287 4334 Attica
308 4267 460 4333 Prosodia
480 4266 576 4333 multa
596 4267 689 4332 fuisse
710 4289 789 4354 quac
811 4267 923 4333 omissa
945 4275 1047 4333 essent
1067 4264 1101 4329 in
1124 4265 1296 4347 Catholics,
