3009 4709
721 349 726 360 ι

727 411 743 434 ,Ἰ
750 415 766 460 Ἰ

652 437 801 549 mil.m

167 692 285 738 nomen
306 669 590 758 praeseferente,
620 667 674 757 qui
703 668 734 734 iu
765 668 870 734 codice
891 667 1079 753 Augustano
1108 668 1285 736 inscribitur

72 799 77 806 “
168 770 270 837 Adaiou
304 768 493 853 Ἧρωδιανοῦ
525 772 592 852 περὶ
625 767 838 854 ἡμαρτημένων
871 769 999 854 λέξεων,
1030 768 1063 833 in
1094 768 1285 835 Barocciano

166 851 356 956 Ἦρωδνανοο
375 869 441 954 περὶ
467 874 525 933 τῶν
555 867 739 952 ζητουμένων
768 868 845 934 κατὰ
869 867 966 953 πάσης
986 868 1114 942 κλίσεως
1141 867 1286 952 ὀνόματος

169 980 201 1039 et
221 973 288 1054 περὶ
307 970 435 1043 κλίσεως
455 968 595 1058 ῥημάτων
623 970 676 1034 τοῦ
697 968 797 1051 abaci,
817 972 850 1038 in
870 970 1078 1037 Laurentiano
1099 969 1285 1053 Ἧρωδιανοῦ

169 1073 228 1134 τῶν
250 1067 432 1154 ζητουμένων
453 1068 530 1135 κατὰ
550 1070 642 1135 κλίσιν
664 1069 772 1143 παντὸς
793 1076 845 1134 τοῦ
866 1068 955 1151 λόγου
978 1071 1077 1153 μερῶν
1100 1079 1132 1135 et
1151 1071 1205 1134 τοῦ
1227 1067 1284 1133 ab·

172 1167 223 1236 τοῦ
250 1172 316 1255 περὶ
346 1168 484 1256 ῥήματος.
526 1169 637 1235 Editus
670 1178 717 1236 est
748 1190 789 1234 ex
820 1171 1005 1256 Augustano
1033 1172 1072 1236 ab
1099 1169 1283 1237 Hermanno

172 1271 223 1355 (dc
243 1271 365 1338 emend.
392 1278 448 1337 rat.
479 1270 538 1337 Gr.
560 1292 692 1355 gramm.
720 1293 751 1356 p.
783 1271 842 1336 301
873 1274 972 1358 sqq.),
1008 1292 1026 1336 ο
1054 1270 1284 1337 Baroccianoa

169 1372 317 1441 Oramcro
350 1375 442 1448 (Ant.
474 1369 537 1437 Ox.
561 1371 579 1434 3
601 1393 632 1456 p.
655 1368 716 1435 246
745 1376 845 1457 sqq.);
874 1394 892 1437 e
919 1368 1126 1437 Laurentiano
1148 1371 1284 1458 priorem

168 1483 288 1561 partem
310 1470 411 1539 emisit
431 1469 605 1536 Bandinius
627 1475 700 1547 (cat.
722 1469 811 1535 codd.
833 1468 907 1537 bibl.
929 1468 1021 1537 Laur.
1039 1470 1066 1536 I.
1080 1494 1111 1558 p.
1124 1470 1184 1537 144
1198 1477 1283 1559 sqq.)

168 1569 287 1639 Textus
301 1570 502 1637 Laurentiani
526 1569 752 1636 eBarocciano
774 1568 901 1635 fluxisse
923 1568 1059 1652 videtur,
1081 1570 1284 1657 Augustanus

168 1674 360 1739 Barocciano
390 1679 545 1758 praestat:
578 1669 633 1734 sed
660 1691 731 1734 cum
760 1669 811 1734 bic
840 1689 964 1757 quoque
992 1670 1142 1735 nonnulla
1170 1671 1284 1737 babeat

168 1793 248 1860 quae
269 1772 302 1837 in
323 1771 376 1837 illo
406 1770 629 1850 desiderantur,
658 1779 788 1854 uterque
816 1766 1009 1833 adhibendus
1040 1776 1095 1835 cst.
1137 1766 1284 1835 Eundem

168 1879 332 1938 tractatum
355 1870 447 1938 ctiam
474 1870 506 1934 in
535 1869 654 1936 duobus
683 1868 837 1934 codicibus
858 1868 1006 1934 Parisinis
1035 1867 1163 1933 inveniri
1189 1867 1284 1934 adno-

167 1970 245 2037 tavit
266 1970 451 2051 Cramerm3
482 1970 521 2035 cf.
549 1968 676 2038 Schoell
710 1968 825 2036 Gesch.
855 1969 885 2034 d.
907 1993 955 2054 gr.
977 1968 1053 2035 Litt.
1074 1969 1120 2034 II.
1143 1975 1180 2056 ’μ
1196 1968 1282 2052 Ι560.

46 2105 49 2109 ·
169 2073 216 2138 Ea
247 2093 327 2159 quae
355 2070 520 2136 Picrsonus
552 2069 632 2157 apud
657 2068 828 2135 Moeridem
857 2076 902 2156 (p.
926 2067 988 2134 454
1009 2074 1094 2154 sqq.)
1123 2067 1219 2134 edidit
1249 2067 1284 2133 ἐκ

169 2174 228 2234 τῶν
248 2165 434 2256 ‘nouerant
448 2170 601 2258 inscripta,
630 2191 728 2258 usque
756 2170 795 2234 ad
828 2193 857 2257 p.
879 2169 942 2235 460
968 2168 1008 2253 (οῖ
1031 2170 1223 2252 παρατατικοὶ
1249 2169 1283 2234 δὲ

169 2273 271 2354 ἔνεμον
293 2270 342 2335 καὶ
363 2271 486 2356 ἤθελον)
509 2289 527 2335 ο
549 2269 654 2334 codice
671 2269 812 2355 quodam
834 2269 1015 2335 brevissime
1037 2278 1185 2356 excerpta
1206 2279 1280 2333 sunt

169 2371 225 2458 qui
244 2370 434 2437 Barocciano
456 2369 563 2434 similis
584 2369 677 2434 fuisse
697 2368 835 2451 videtur3
869 2391 949 2456 quae
978 2378 1150 2456 sequuntur
1159 2415 1170 2448 ,
1192 2388 1210 2431 a
1230 2392 1282 2433 va·

168 2471 286 2535 riorum
306 2482 341 2537 ut
361 2470 483 2536 videtur
500 2469 775 2555 grammaticorum
795 2468 884 2534 libris
899 2467 1025 2546 confirse
1037 2466 1109 2533 sunt
1125 2468 1282 2555 exscripta

169 2568 253 2635 etin
282 2580 445 2656 angustum
473 2581 578 2635 coacta
591 2576 633 2647 ¹).
676 2568 760 2634 Nam
786 2592 855 2633 cum
884 2570 950 2656 ipse
976 2567 1030 2634 ille
1060 2577 1207 2634 tractatus
1239 2569 1283 2633 ita

168 2670 322 2736 institutus
342 2672 390 2756 sit,
411 2681 447 2737 ut
467 2671 571 2759 priore
592 2671 661 2736 loco
685 2670 724 2735 de
744 2668 930 2751 nominibus,
951 2677 1017 2734 tum
1035 2668 1075 2735 dc
1091 2670 1194 2733 verbis
1208 2690 1281 2754 aga-

166 2780 227 2853 tur,
247 2770 280 2835 in
299 2771 336 2836 iis
357 2791 435 2858 quac
462 2782 634 2858 sequuntur
658 2771 734 2837 ordo
768 2770 894 2836 omnino
929 2769 1031 2835 nullus
1058 2771 1149 2836 inest.
1191 2769 1282 2836 Haec

165 2871 261 2956 igitur
281 2872 314 2938 in
335 2870 542 2959 disputatione
564 2881 671 2938 nostra
693 2869 863 2937 omittenda
890 2871 1065 2952 censemus,
1099 2892 1172 2933 nam
1210 2869 1282 2935 licet

164 2992 261 3034 unum
291 2971 343 3035 vel
376 2971 507 3035 alterum
538 2971 571 3036 in
601 2971 721 3060 scriptis
743 2970 948 3037 Herodianeis
977 2970 1129 3055 originem
1157 2970 1279 3049 habeat,

165 3070 360 3156 comprobari
381 3070 443 3137 hoc
462 3070 550 3138 nullo
571 3072 663 3138 modo
691 3082 803 3158 potest.
846 3071 938 3138 Idem
967 3069 1051 3161 quod
1079 3070 1117 3133 de
1138 3068 1280 3134 Piersoni

164 3168 328 3256 excerptis,
350 3170 443 3236 etiam
465 3171 503 3237 dc
525 3173 562 3238 iis
589 3170 688 3254 valet,
720 3193 801 3259 quae
822 3171 1039 3259 Phrynicbum
1064 3168 1150 3257 sequi
1180 3167 1281 3235 solent

165 3271 212 3356 (p.
234 3270 295 3335 451
318 3291 385 3357 sqq.
405 3269 513 3353 Lob.),
535 3273 594 3338 nisi
616 3272 703 3360 quod
723 3274 848 3341 brevior
869 3283 915 3338 est
936 3294 1042 3339 eorum
1065 3272 1174 3336 forma.

225 3369 273 3437 Ut
300 3364 408 3457 igitur
431 3381 570 3438 revertar
598 3372 638 3439 ad
667 3374 851 3460 opusculum
878 3376 930 3454 ab¹
949 3374 1130 3440 Hermanno
1152 3380 1183 3439 ct
1204 3370 1279 3437 Gra·

164 3493 250 3537 mero
271 3469 405 3537 editum:
433 3472 498 3556 ipse
519 3472 719 3538 Hermannus
742 3496 806 3540 non
827 3474 990 3557 dubitavit,
1012 3472 1087 3561 quin
1106 3492 1177 3556 pars
1198 3481 1280 3537 esset

162 3570 357 3637 Herodianei
387 3570 485 3638 libelli
512 3574 625 3657 (praef.
653 3594 684 3657 p.
720 3573 818 3655 XV);
849 3595 950 3660 neque
988 3575 1073 3640 enim
1107 3582 1172 3638 tum
1206 3585 1280 3640 nota

164 3676 254 3737 erant
273 3672 411 3757 genuina
444 3671 626 3739 Herodiauii
661 3673 784 3758 scripta.
829 3672 949 3758 vPostea
971 3674 1069 3762 igitur
1090 3673 1278 3739 Ritschelius

164 3780 312 3854 excerpta
339 3780 458 3838 tannim
484 3772 685 3841 Herodianea
718 3776 759 3839 ab
789 3773 975 3860 Hermanno
1007 3773 1089 3839 edita
1118 3794 1185 3839 esse
1206 3796 1277 3839 cen·

162 3868 224 3933 suit
249 3871 362 3954 (praef.
388 3871 502 3939 Thom.
534 3893 565 3956 p.
592 3872 765 3959 XLVIII).
818 3872 965 3941 Lehrsius
1000 3874 1133 3961 denique
1154 3872 1276 3939 dicendi

161 3989 261 4056 genus
289 3993 353 4036 non
383 3993 451 4037 esse
481 3971 716 4041 Herodianeum
745 3975 907 4040 contendit
928 3972 1017 4058 (Iler.
1040 3994 1070 4058 p.
1091 3973 1162 4040 409.
1184 3972 1275 4056 422);

162 4081 256 4159 atque
285 4072 346 4138 boc
371 4071 465 4139 etiam
495 4072 521 4138 is
542 4073 712 4157 contendit,
734 4074 788 4159 qui
809 4097 873 4141 non
893 4073 936 4141 ita
956 4081 992 4141 ut
1011 4070 1159 4138 Lebrsius
1180 4071 1275 4138 libros

224 4286 243 4356 ¹)
262 4289 402 4355 Complura
427 4288 506 4340 ctiam
529 4287 598 4353 apud
617 4283 745 4337 Thomam
769 4286 922 4354 Magistrum
940 4286 1125 4350 inveniuntur,
1152 4288 1196 4353 qui
1213 4301 1273 4339 mox

175 4387 180 4392 ·
262 4376 406 4425 breuiorem
426 4373 669 4440 mox·integriorcm
688 4375 795 4425 formam
814 4373 930 4422 exhibet.
