3009 4709
328 542 351 592 A
370 545 411 591 62.
430 559 467 607 sq.
488 540 599 610 ἁλλ’ἆηε
618 538 647 611 δή
666 559 723 592 τινα
741 540 832 610 μάντιν
850 540 961 613 ἐρείομεν
978 560 992 612 η
1013 537 1084 612 ἱερῆα

432 626 447 699 ἦ
464 626 504 679 καὶ
523 624 684 698 ὀνειροπόλον
701 629 751 679 κτλ.

178 763 378 829 Herodianus
399 760 544 826 hocloco
563 771 633 847 post
654 763 786 845 ἐρείομεν
808 763 1038 847 interpunxisse
1059 765 1164 829 fertur.
1199 763 1292 843 Quod

179 863 236 927 nisi
258 887 298 928 ex
319 862 480 927 nominum
503 862 681 928 confusione
701 863 802 943 fluxit,
824 862 896 927 indc
914 863 1061 950 explicari
1074 875 1186 949 potest,
1209 866 1294 950 quod

178 963 374 1028 Herodianus
395 985 482 1027 more
504 984 558 1027 suo
582 961 620 1028 de
647 960 749 1047 ἢ--ἢ
779 963 1038 1028 coniunctionum
1059 974 1186 1027 accentu
1220 964 1293 1046 egit,

180 1063 396 1135 διαζευκτικους
418 1085 469 1128 eas
491 1085 558 1128 esse
580 1062 685 1127 docuit
700 1064 727 1145 ¹)
758 1071 849 1147 atque
876 1065 918 1127 ita
941 1063 1013 1126 data
1043 1065 1202 1129 occasione
1223 1066 1295 1128 satis

179 1173 251 1250 apta
282 1164 322 1229 de
344 1165 435 1228 totius
465 1164 614 1230 enuntiati
641 1183 731 1226 sensu
761 1173 854 1249 atque
882 1164 1132 1250 interpunctione
1161 1162 1296 1228 breviter

182 1264 334 1330 disseruit.

331 1405 381 1451 216
400 1416 456 1466 sqq.
475 1396 524 1469 χρὴ
544 1397 590 1467 μὲν
608 1396 743 1469 σηωίτερὸν
759 1419 795 1469 ηε,
813 1399 866 1463 θεά,
888 1396 944 1455 ἔπος
962 1395 1125 1471 εἰρύσσασθαι,

404 1483 444 1535 καὶ
463 1484 531 1553 μάλα
549 1503 593 1554 περ
613 1483 685 1553 θυμῷ
702 1484 875 1554 κεχολωμένον
895 1501 900 1513 ’
920 1483 952 1542 ὣς
969 1486 1015 1557 γὰρ
1034 1485 1146 1555 ἄμεινον.

405 1568 431 1627 ir
447 1589 473 1622 κε
491 1569 555 1627 θεοῖς
572 1569 732 1641 ἐπιπείθηοοιι,
753 1570 821 1641 μάλα
839 1571 856 1623 τ’
877 1569 965 1623 ἔκλυον
983 1570 1065 1623 αὑτοῦ.

179 1708 329 1792 Legimus
351 1706 389 1769 ad
411 1708 495 1783 huuc
515 1707 618 1771 locum
640 1706 872 1773 adnotationem
893 1707 1065 1789 Nicanoris,
1088 1731 1148 1793 quo
1172 1708 1296 1771 demon·

178 1818 256 1873 strat
275 1817 345 1894 post
367 1807 483 1887 ἄμεινον
506 1806 789 1893 interpungendum
810 1829 886 1888 esse,
908 1808 956 1871 his
973 1808 1098 1872 additis:
1120 1804 1236 1887 γέλοιος
1252 1803 1296 1869 δ’ὁ

184 1912 378 1992 Πτολεμαῖος,
401 1904 434 1980 ὃς
459 1906 548 1971 αἰτίαν
571 1908 681 1992 ἡγεῖται
702 1911 762 1970 τῶν
786 1909 949 1970 διαστυλοῖν
972 1904 1298 1988 brittannorum

179 2007 316 2091 λέγεσθαι
337 2007 387 2072 τὸν
408 2010 574 2070 τελευταῖον
598 2008 707 2089 στίχον.
719 2007 768 2071 καὶ
789 2006 844 2089 γὰρ
867 2006 892 2070 εἰ
913 2007 951 2089 μη
974 2007 1119 2089 γνωμικὸς
1138 2004 1184 2091 ἦν,
1203 2005 1297 2068 οὐδα-

180 2113 244 2192 μοῖς
265 2107 387 2171 ἐδύνατο
407 2104 604 2171 συνάπτεσθαι
626 2113 686 2179 τοῖς
711 2107 785 2187 ἄνευ,
806 2104 963 2181 ἀσύνδετος
985 2106 1037 2186 ὤν,
1060 2104 1075 2170 ὁ
1098 2104 1194 2186 λόγος.
1217 2106 1298 2168 Turn

175 2209 319 2295 ‚sequitur
332 2210 412 2274 haec
425 2208 548 2273 brevior
563 2207 736 2272 adnotatio:
760 2205 899 2286 στικτὲον,
922 2204 984 2270 εἶτα
1009 2204 1067 2271 ἀπὸ
1087 2206 1180 2287 ἄλλης
1202 2203 1297 2287 ἀρχῆς

182 2306 234 2389 ᾖὅς
247 2331 282 2371 κε
295 2311 377 2381 θεοῖς
391 2305 580 2390 ἐπιπείθηται,
599 2302 679 2389 μάλα
690 2306 714 2369 τ’
729 2289 835 2370 ἔκλυον
861 2304 979 2371 abaci&
1000 2328 1038 2386 ην
1049 2329 1073 2367 ω
1083 2328 1145 2386 μιν
1155 2302 1297 2386 ώτερον

180 2407 248 2492 γὰρ
270 2408 309 2473 τὸ
332 2412 486 2471 τοιοῦτο
510 2405 667 2491 εἴρηται.
701 2403 824 2478 οὕτως
844 2402 1087 2487 Ἡρωδιανὸς.
1130 2404 1202 2469 Hoc
1223 2427 1296 2468 vero

180 2511 218 2573 ab
231 2508 410 2572 Herodiano
432 2506 603 2593 profectum
626 2526 793 2592 essenego.
806 2506 919 2592 Neque
942 2506 1023 2569 eninr
1042 2504 1173 2568 dubitari
1186 2512 1296 2588 potest,

181 2610 255 2695 quin
278 2607 487 2687 Herodianus,
510 2607 688 2671 enarrandis
711 2606 898 2670 carminibus
914 2604 1090 2669 Homericis
1112 2602 1295 2667 studiosissi-

180 2733 258 2791 mus,
280 2706 442 2771 Nicanoris
463 2707 530 2790 περὶ
550 2704 711 2790 Ὁμηρικῆς
733 2710 853 2789 στιγμῆς
884 2706 978 2770 libros
1006 2704 1174 2794 perlegerit
1192 2710 1232 2783 ²),
1256 2712 1296 2782 et,

181 2811 206 2873 si
227 2810 288 2873 hoc
307 2829 417 2872 verum
439 2815 493 2888 est,
516 2809 582 2892 quis
603 2806 765 2891 putaverit,
787 2808 887 2869 virum
910 2806 1141 2890 sagacissimum
1162 2804 1193 2867 id
1213 2802 1295 2890 quod

181 2910 320 2975 Nicanor
336 2909 476 2993 ineptum
491 2928 557 2971 esse
571 2905 662 2971 evicit
682 2906 862 2992 simpliciter
883 2902 1066 2990 repetiisse?
1089 2903 1195 2988 Quare
1213 2914 1296 2987 puto,

182 3020 235 3073 aut
263 3007 393 3073 alterum
422 3006 564 3071 scholion
593 3005 634 3069 ad
661 3004 877 3070 Ptolemaeum
916 3024 983 3067 osse
1013 3003 1207 3067 referendum
1245 3011 1298 3064 aut

181 3110 287 3195 (atquc
315 3108 348 3172 id
368 3107 466 3171 multo
494 3105 684 3193 probabilius
711 3104 847 3183 videtur)
880 3103 965 3191 prins
992 3102 1200 3188 neglegenter
1230 3123 1297 3165 osse

184 3216 363 3294 excerptum
384 3218 415 3273 et
436 3226 541 3272 errore
563 3205 772 3292 epitomatoris
795 3202 975 3270 Herodiano
997 3203 1202 3288 adscriptum.
1292 3282 1295 3286 ἵ

285 3362 361 3412 1225
380 3377 436 3426 sqq.
454 3359 528 3431 χαῖρ’,
546 3357 655 3428 Ἀχιλεῦ,
675 3356 758 3414 δαιτὸς
776 3356 823 3425 μὲν
841 3356 904 3427 ἐίσης
922 3352 964 3406 οὐκ
982 3354 1096 3409 ἐπιδευεῖς

379 3445 444 3517 ἠμὲν
461 3444 500 3514 &vt
514 3443 591 3516 κλιυίη
609 3442 792 3515 Ἀγαμέμνονος
808 3441 934 3512 Ἀτρείδαο

379 3529 423 3602 ἠδὲ
442 3530 482 3583 καὶ
500 3529 589 3583 ἐνθάδε
607 3539 663 3583 νῦν.

183 3667 289 3736 schol.
311 3667 361 3732 A:
389 3665 422 3732 τὸ
445 3668 512 3750 ἑξῆς
538 3664 597 3729 ἐστι
631 3665 749 3747 ᾖδαιτὸς
771 3662 821 3746 μὲν
845 3661 925 3745 ἐίσης
954 3657 1008 3724 οὐκ
1036 3658 1208 3731 ἐπιδευεῖς·
1232 3655 1297 3722 ἀλλ’

183 3766 218 3831 οὐ
241 3766 340 3839 δαιτὸς
360 3763 509 3850 ἐπηράτου
531 3762 607 3848 ἔργα
630 3762 769 3847 μέμηλεν,
791 3760 870 3826 ἀλλὰ
890 3759 953 3843 λίην
979 3757 1052 3843 μέγα
1066 3762 1179 3843 cippo!
1203 3757 1300 3821 ’ἐκεῖνα

249 4031 266 4096 η
285 4032 318 4082 v.
338 4030 371 4079 aa
389 4009 410 4080 n
429 4031 487 4078 ara.
524 4028 565 4077 ut.
586 4015 697 4087 arra
716 4027 759 4073 ιι.

245 4168 269 4232 ²)
289 4167 451 4218 Contrarium
470 4181 502 4226 ex
520 4178 551 4214 eo
570 4163 638 4229 quod
656 4163 811 4212 Nicanorem
830 4176 883 4209 non
901 4160 964 4208 citat
981 4158 1026 4205 vix
1044 4157 1178 4221 quisquam
1197 4154 1299 4203 conclu·

288 4253 346 4303 deta
362 4253 419 4318 ipae
437 4251 469 4301 de
486 4250 614 4316 prosodia,
634 4248 747 4298 Nicanor
766 4248 799 4296 de
816 4243 1025 4309 interpunctione
1043 4242 1104 4307 egit.
