3009 4709
627 311 774 439 xaa

675 454 821 468 ΛΝῚἉΛΛΛΛΙ

253 593 305 658 Ad
327 592 499 660 Herodian
520 587 875 676 Orthographiam
902 586 1087 652 transiturus
1109 596 1180 651 ante
1202 587 1306 652 omnia

189 693 384 760 afferendum
404 703 479 780 puto
499 692 584 758 hunc
603 688 764 777 Apollonii
786 687 918 773 Dyscoli
942 689 1046 753 locum
1068 688 1122 769 (de
1144 699 1256 753 constr.
1274 714 1305 777 p.

188 797 232 879 6),
254 794 307 880 qui
329 793 369 858 ad
389 791 584 860 statuendam
612 799 751 857 veterem
780 788 1020 875 orthographiae
1041 787 1200 855 notionem
1234 791 1306 857 satis

190 904 280 981 aptus
302 914 368 959 esse
388 892 526 959 videtur:
553 889 759 974 παρεπόμενον
790 887 865 952 ἐστιν
894 887 957 953 ἔσθ’
984 885 1029 952 ὅτι
1048 891 1111 963 ταῖς
1139 889 1235 963 λέξεσι
1258 893 1307 959 καὶ

190 994 257 1078 περὶ
275 992 329 1067 τὰς
346 991 463 1077 γραφὰς
483 989 712 1076 ἁμαρτάνεσθαι,
734 987 770 1061 ἃς
790 986 808 1072 ἢ
830 989 1000 1073 τροφανῷς
1011 989 1071 1053 ἔστι
1089 990 1307 1074 καταλαβέσθαι

191 1093 241 1160 διὰ
269 1102 321 1179 τῆς
349 1090 442 1178 ἀκοῆς
463 1091 482 1177 ἢ
518 1088 661 1175 ἀδήλου
682 1094 746 1153 τοῦ
768 1090 947 1153 τοιούτου
970 1089 1079 1163 ὄντος
1113 1089 1133 1174 ἡ
1160 1091 1234 1157 κατὰ
1255 1093 1306 1159 τὸν

192 1193 377 1276 ἐπιλογισμὸν
402 1188 532 1266 ἐξέτασις
561 1194 713 1274 κατορθοῖ,
735 1186 770 1274 ἢν
792 1190 939 1272 καλοῦμεν
961 1189 1050 1271 λόγον
1071 1190 1121 1255 τὸν
1153 1193 1221 1276 περὶ
1250 1192 1307 1277 ὀρ-

193 1295 369 1377 θογραφίας.
412 1292 523 1375 Itaque
560 1295 593 1357 in
621 1291 767 1377 operibus
802 1289 841 1356 de
870 1290 1094 1378 orthographia
1133 1294 1308 1382 compositis

192 1419 230 1462 ea
250 1405 372 1460 tuntum
392 1394 567 1457 tractabant
587 1390 781 1477 grammatici
802 1389 925 1470 Graeci,
947 1411 1026 1476 quae
1047 1415 1109 1457 non
1131 1396 1254 1460 auribus
1271 1419 1308 1461 ac

190 1494 339 1582 loquendi
361 1491 591 1572 consuetudine,
614 1490 669 1556 sed
690 1489 810 1555 ratione
832 1499 951 1554 tantum
971 1490 1129 1580 doctisque
1144 1516 1309 1579 argumen-

191 1595 230 1670 tis
251 1604 395 1682 poterant
416 1590 576 1657 diiudicari
589 1590 632 1672 ¹).
673 1588 774 1652 Erant
799 1598 902 1653 autem
932 1591 1009 1656 hacc
1037 1593 1130 1659 varia.
1173 1594 1215 1659 Et
1242 1618 1308 1663 sae

192 1694 317 1782 pissime
337 1692 463 1778 quidem
485 1691 689 1771 dubitabatur,
711 1699 815 1754 utrum
836 1689 964 1775 aliquod
985 1694 1169 1759 vocabulum
1191 1719 1200 1759 ι
1217 1696 1309 1763 litora

194 1818 234 1858 an
254 1816 279 1857 ει
300 1792 511 1878 diphthongo,
532 1812 677 1856 necnon
697 1799 801 1853 uuum
829 1811 844 1852 ε
865 1813 904 1854 an
932 1811 962 1853 αι
991 1793 1190 1860 scribendum
1218 1808 1308 1875 esset,

192 1916 262 1958 eum
283 1892 315 1956 in
338 1893 448 1957 harum
470 1890 630 1962 literarum
652 1889 863 1976 appellatione
893 1891 1057 1959 discrimen
1086 1895 1148 1959 iam
1171 1919 1234 1962 non
1255 1919 1309 1984 ap·

190 2005 328 2082 parcret3
366 1993 427 2056 huc
452 1991 620 2057 accedebat
649 1990 784 2077 quaestio
814 1992 853 2056 do
883 1993 1098 2078 apponendos
1124 1996 1308 2084 subscripto.

190 2095 244 2160 De
266 2092 427 2179 scripturis
455 2103 560 2157 autem
591 2113 611 2175 q
635 2101 667 2156 ot
688 2114 706 2172 a,
729 2114 757 2154 οι
780 2101 849 2155 oto
879 2093 1063 2158 astutiores
1092 2098 1309 2179 grammaticos

194 2193 297 2280 egisse
318 2214 382 2258 nou
401 2191 510 2275 video,
531 2193 600 2258 dico
622 2192 682 2260 hoo
704 2201 831 2278 propter
850 2191 1066 2276 Schmidtium,
1087 2195 1165 2259 Did·
1183 2219 1214 2283 p.
1237 2197 1309 2265 336.

192 2294 281 2359 Haec
302 2294 398 2377 igitur
418 2295 521 2359 omnia
541 2292 735 2379 grammatici
764 2291 931 2376 ποσότητος
956 2293 1080 2359 nomine
1107 2296 1309 2383 comprehcn-

135 2466 139 2472 ,
195 2394 319 2475 debant,
355 2392 471 2480 quippe
498 2413 579 2480 quas
609 2392 744 2479 quodam
770 2392 863 2459 modo
891 2405 1090 2459 versarentur
1117 2396 1149 2459 in
1179 2419 1308 2464 numero

195 2493 351 2559 literarum
372 2494 544 2559 statuendo.
586 2493 638 2559 De
668 2493 910 2559 consonantibus
937 2504 1040 2558 autem
1067 2518 1144 2582 quas
1170 2497 1309 2564 institue-

196 2593 271 2658 bant
290 2592 481 2679 quaestiones
501 2592 543 2656 ad
561 2593 703 2677 ποιότητα
731 2593 888 2688 pertinere
908 2594 1101 2675 ferebantur,
1123 2594 1218 2661 veluti
1238 2620 1309 2664 cum

195 2692 365 2774 doceretur,
386 2702 490 2758 utrum
511 2694 629 2777 Zpdpau
650 2715 690 2757 an
713 2694 832 2777 Σμύρνα
852 2703 932 2759 esset
953 2693 1160 2760 scribendum.
1199 2697 1310 2765 Restat

192 2815 308 2875 unum,
330 2793 424 2879 idque
443 2793 542 2859 multo
563 2794 690 2859 minoris
716 2794 880 2875 momenti,
900 2794 987 2879 leges
1010 2793 1126 2861 scilicet
1154 2796 1194 2860 de
1221 2823 1311 2866 voca·

191 2894 271 2960 bulis
300 2896 334 2960 in
361 2894 500 2979 singulas
528 2893 664 2980 syllabas
690 2889 909 2975 dissolvendis,
939 2915 1018 2979 quac
1045 2895 1180 2981 cnmnpli
1209 2900 1310 2984 gratia

191 2994 344 3061 docebant
364 2999 468 3059 utrum
490 2993 683 3075 Ἀρι-στίοιοο
705 3013 745 3057 an
767 2993 944 3075 Ἀρισ-τίων
975 3002 1057 3059 esset
1084 3005 1219 3078 rectum,
1248 3002 1309 3083 vel,

190 3104 226 3158 ut
244 3095 404 3160 ueteribus
426 3091 584 3158 vocabulis
605 3103 684 3173 utar,
707 3104 812 3158 utrum
834 3103 915 3168 esset
937 3095 1090 3179 eupaterii
1107 3119 1147 3160 an
1160 3096 1309 3175 διάστασις

192 3193 292 3278 (Mon.
315 3193 365 3276 32,
389 3192 453 3278 24).
498 3193 605 3279 Atque
635 3193 713 3258 haec
732 3193 975 3279 orthographiae
996 3215 1068 3280 pars
1091 3196 1225 3274 σοιταξις
1243 3200 1309 3267 sive

192 3292 335 3377 μερισμός
355 3318 374 3357 a
394 3292 603 3380 grammaticis
627 3292 841 3368 dicebatur2).

256 3394 346 3459 Haec
372 3392 478 3460 omnia
505 3402 540 3459 ut
561 3392 593 3457 in
613 3392 746 3458 aliorum
767 3393 811 3468 sic
832 3394 924 3457 cham
943 3393 975 3457 in
996 3392 1170 3458 Herodiani
1191 3393 1307 3460 Ortho-

189 3493 321 3581 graphia
342 3494 587 3558 tractata-luisse
606 3513 625 3557 e
645 3493 830 3580 fraginontis
852 3494 1001 3560 videmus.
1043 3491 1120 3578 Egit
1136 3491 1174 3556 de
1192 3515 1219 3556 ει
1242 3505 1273 3558 et
1288 3519 1305 3576 ι,

193 3615 223 3657 αι
243 3604 275 3659 et
296 3615 313 3656 a
339 3594 442 3660 literis
459 3591 685 3677 distinguendis
714 3611 856 3659 necnon
878 3594 917 3660 de
937 3616 946 3656 ι
967 3594 1147 3680 subscripto.
1169 3593 1220 3658 De
1241 3593 1309 3658 aliis

193 3693 350 3759 vocabulis
376 3694 643 3781 diphthongisque
670 3713 742 3760 eum
770 3692 941 3779 disputasse
973 3694 1169 3780 comprobari
1191 3695 1307 3781 nequit.

194 3792 354 3859 Wattinus
381 3794 507 3879 quidem
534 3794 577 3881 (p.
607 3795 657 3878 13)
685 3793 819 3876 censuit,
851 3793 944 3861 etiam
975 3794 1016 3860 ds
1046 3792 1197 3880 scriptura
1230 3817 1256 3858 ει
1277 3806 1310 3862 et

194 3915 208 3957 ι
230 3893 381 3981 quaedam
404 3895 443 3960 ab
466 3894 610 3962 coluisse
630 3895 799 3983 proposita.¹
841 3893 920 3974 Quis
934 3914 1008 3961 vcro
1029 3895 1195 3981 putaverit,
1216 3895 1309 3962 hasce

255 4105 274 4173 ί)
293 4107 411 4169 Quatuor
427 4107 566 4173 praecipue
582 4108 690 4173 regulae
706 4108 761 4157 sire
778 4122 892 4158 canones
910 4107 1040 4157 feruntur:
1064 4108 1193 4173 analogia,
1211 4107 1309 4158 dialec-

295 4197 345 4255 tus,
365 4194 507 4258 pandonis,
526 4193 691 4261 etymologia.

256 4299 276 4369 ²)
296 4302 368 4356 Sext.
387 4303 462 4370 Emp.
482 4306 542 4358 adu.
561 4320 668 4372 gramm.
689 4306 738 4355 168
756 4321 814 4370 sqq.
851 4304 935 4355 Bskk.
955 4304 1004 4358 Aa.
1024 4321 1050 4370 p.
1070 4304 1145 4353 1127.
1259 4339 1265 4354 τ
