3009 4709
746 321 790 396 39

696 411 803 423 *ww-w-
813 411 817 414 ι
829 410 845 420 »μ

209 542 390 628 explicasse
412 554 446 609 ut
467 547 619 612 vocabula
649 548 705 612 illa
725 546 885 633 singulare
917 540 1075 631 quoddam
1104 559 1204 630 genus
1226 530 1329 618 efflet·

208 652 278 705 rent
295 643 333 725 ¹).
358 682 394 693 -
417 645 521 710 Aliter
541 647 658 714 Sextus
677 648 863 734 Empiricos,
880 645 936 731 >qui
951 645 1078 729 linguae
1092 634 1329 704 inconstantiam

210 742 368 827 quondam
390 741 559 826 ἀνωμαλίαν
581 748 718 834 appellat
739 748 809 812 adv.
832 746 933 811 math.
958 743 1028 810 153.

270 841 356 908 Num
376 843 471 931 igitur
490 848 652 932 quisquam
680 847 845 935 putaverit,
867 843 1083 912 Herodianum
1104 861 1222 919 vocem,
1243 836 1328 902 cuius

209 967 299 1008 usum
320 955 426 1030 aperte
447 945 531 1027 vitat,
554 949 587 1012 in
608 948 678 1013 libri
700 948 900 1034 inscriptione
921 939 1123 1012 adhibuisse?
1145 940 1209 1003 Vix
1225 936 1326 1004 credo.

210 1043 305 1110 Unde
327 1054 431 1110 autem
451 1045 611 1135 inscriptio
633 1058 701 1113 orta
721 1047 769 1129 sit,
791 1047 916 1114 difficile
938 1056 985 1113 est
1005 1043 1179 1130 exploratu,
1210 1039 1328 1106 variae·

210 1167 270 1228 que
292 1144 382 1208 huius
404 1145 517 1211 erroris
539 1167 649 1213 consae
669 1148 799 1232 cogitari
821 1157 961 1234 possunt.
1002 1145 1111 1211 Liceat
1132 1152 1236 1208 tamen
1250 1138 1328 1204 mihi

210 1245 414 1309 coniecturam
437 1245 476 1311 de
498 1269 534 1311 ea
555 1267 590 1312 re
610 1248 763 1332 proferre.
805 1249 924 1332 Agitur
950 1246 1003 1314 illo
1025 1241 1237 1331 Etymologici
1258 1239 1326 1306 looo

201 1344 250 1408 de
272 1345 407 1427 Ἀρναῖος
418 1346 544 1412 nornine
566 1346 643 1427 (Od.
658 1349 733 1429 ab),
757 1348 841 1435 quod
859 1347 1053 1414 Herodianus
1074 1342 1226 1428 ταρὰτὴν
1250 1339 1326 1424 ἀρὰν

213 1444 329 1508 derivat
351 1441 382 1528 (ὁ
404 1442 536 1519 absentee
557 1451 595 1529 τῇ
615 1449 700 1531 μητρὶ
731 1448 913 1530 γενόμενος).
956 1446 1011 1512 Ad
1031 1445 1071 1510 Il.
1092 1446 1119 1509 N
1141 1445 1197 1510 791
1223 1453 1326 1509 autem

212 1546 294 1609 hunc
315 1563 466 1611 canonem
487 1548 621 1631 profcrtr
645 1546 682 1616 τά
704 1546 752 1613 διὰ
774 1553 826 1613 τοῦ
848 1570 912 1622 αως
932 1546 1123 1630 aproniana,
1145 1546 1254 1626 ἔχοντα
1274 1543 1326 1625 τὴν

209 1642 331 1729 πρώτην
360 1643 508 1728 οὐλλαβὴν
538 1644 578 1721 εἷς
606 1648 764 1730 σύμφωνον
795 1648 1031 1732 arconneso,
1068 1646 1326 1729 προτεριοτᾶαθαι

210 1745 299 1830 θέλει,
321 1753 471 1829 χερσαῖος,
494 1745 644 1830 ὀρμναῖος,
666 1749 795 1831 ἑρααῖος,
817 1746 953 1831 ἀρχαῖος,
981 1745 1127 1828 Ἀρναῖος,
1158 1748 1325 1827 Τριιοιαῐος,

141 1843 147 1855 ’
206 1845 347 1930 Ἑρμαῖος
369 1866 375 1880 ·
398 1843 468 1911 ὅθεν
489 1846 523 1911 τὸ
544 1845 683 1930 Ἑρμαῖον
705 1845 786 1930 stipe
806 1845 1059 1930 τταρὰΣοφοκλτῑ,
1083 1843 1117 1910 τὸ
1139 1842 1173 1908 δὲ
1196 1840 1263 1923 ,ὅθι
1284 1845 1324 1906 θ’

205 1944 354 2031 Ἕρμαιος
375 1946 470 2030 λόφος
491 1945 586 2014 ἐστίνιι
610 1945 660 2021 ὡς
681 1945 735 2021 εἰς
757 1945 931 2030 ἰδιότητα
951 1946 1013 2011 καὶ
1033 1945 1074 2011 τὸ
1091 1943 1149 2010 ἐπὶ
1169 1949 1236 2010 τοῦ
1257 1966 1326 2008 νιο-

209 2048 294 2130 ρίοο
317 2046 413 2129 πρὸς
437 2044 729 2130 ἀντιδιαατολὴν
756 2047 943 2130 διάφορον
977 2045 1086 2110 τόνον
1113 2041 1324 2122 ἀνεδέξατο,

210 2146 252 2221 ὡς
269 2147 429 2229 Ἀθηναῖος
449 2146 498 2210 καὶ
518 2145 689 2231 Ἀθήναιος,
712 2145 852 2230 ἀγοραῖος
872 2146 922 2210 καὶ
938 2143 1128 2229 ortonae).
1150 2143 1324 2224 sedidem,

210 2248 292 2335 quod
317 2249 356 2314 de
378 2248 536 2331 Ἀθηναῖος
563 2257 595 2313 et
616 2247 774 2333 Ἀθήναιος
808 2247 939 2333 profert,
968 2248 1052 2312 vaiet
1074 2244 1167 2312 etiam
1188 2244 1227 2309 dc
1249 2243 1325 2326 Ἀρ-

208 2354 297 2420 ναῖος.
339 2347 412 2413 Ηοο
432 2345 515 2411 enim
542 2348 669 2414 nomine
691 2346 784 2414 etiam
805 2345 909 2419 incola
931 2346 1038 2412 Arnae
1060 2346 1166 2435 oppidi
1187 2345 1324 2432 appella·

211 2459 261 2512 tur
283 2446 403 2535 (Steplr.
426 2471 457 2533 p.
482 2448 557 2528 124,
584 2448 633 2528 2),
663 2448 703 2514 de
724 2448 819 2513 'cuius
847 2446 953 2533 oppidi
979 2445 1104 2511 nomine
1126 2444 1323 2512 Herodianus

209 2548 241 2612 in
263 2547 346 2614 libris
365 2548 434 2632 napi
456 2551 564 2613 aaron
605 2548 673 2613 fuse
704 2558 929 2614 commentatus
957 2566 1024 2613 esse
1051 2544 1173 2610 videtur
1199 2544 1263 2628 (Et.
1284 2568 1325 2612 111.

210 2648 284 2731 143,
306 2650 370 2723 53).
425 2648 538 2735 Neque
567 2658 672 2714 tamen
700 2648 808 2713 Arnas
836 2647 935 2713 incola
957 2670 977 2710 a
998 2646 1141 2712 mendico
1169 2645 1326 2712 Ithacensi

207 2759 336 2815 accentu
364 2749 629 2833 distinguebatur,
652 2748 737 2835 quod
760 2772 830 2814 curn
858 2749 930 2833 lege
961 2770 1055 2834 supra
1074 2737 1242 2833 proposita
1262 2769 1326 2814 non

207 2869 379 2934 congruere
408 2849 473 2912 sine
503 2848 596 2916 dubio
621 2848 818 2914 Herodianus
848 2848 888 2912 ad
916 2847 1003 2912 illum
1034 2846 1195 2933 Odysseae
1223 2845 1324 2911 locum

208 2949 378 3014 adnotavit.
431 2949 543 3036 Itaque
570 2949 701 3035 posteris
731 2949 922 3036 temporibus
951 2971 1054 3014 nonne
1082 2947 1266 3034 epitomator
1286 2946 1326 3013 dc

207 3049 269 3114 hae
288 3072 365 3115 voce
387 3050 430 3113 ita
452 3050 548 3136 loqui-
561 3050 677 3135 potuit:
705 3046 891 3131 Ἡρωδιανὸς
913 3044 1072 3131 ἀνώμαλον
1090 3054 1122 3125 ³)
1144 3046 1196 3130 τὴν
1219 3070 1324 3131 προαιρ

207 3148 270 3212 δίαν
295 3149 434 3232 pontiti.
452 3172 478 3215 e.
502 3149 570 3215 aliis
584 3149 674 3213 huius
695 3149 896 3229 generisnon
919 3149 1094 3234 aequalem)
1116 3147 1146 3212 ἓν
1165 3149 1325 3230 τῇὈάοο-

206 3253 312 3329 aaroni}
350 3249 529 3335 npoapbt'q‘?
585 3248 679 3315 Unde
708 3248 853 3314 facillime
886 3269 925 3316 ea
955 3248 1029 3314 oriri
1057 3257 1216 3335 poterant,
1244 3270 1324 3333 quac

206 3369 291 3414 nunc
312 3349 345 3413 in
365 3348 585 3436 Etymologieo
606 3356 736 3416 exstant.
751 3353 782 3425 ⁴)
813 3386 818 3396 x

207 3489 511 3501 α-ι--ι--ι--ι-ι

271 3559 289 3628 ¹)
310 3561 349 3611 cf.
367 3559 499 3612 Steinthal
518 3559 611 3613 Gesch.
632 3561 657 3614 d.
676 3561 809 3627 Spradrw.
830 3560 872 3610 fin.

266 3678 286 3745 2)
307 3679 346 3730 Of.
370 3680 474 3729 omnino
498 3679 589 3730 dehis
607 3684 760 3729 accentuum
778 3679 967 3730 mutationibus
985 3679 1069 3730 Lohrs
1088 3679 1132 3729 Ar.
1153 3697 1180 3745 p.
1199 3682 1250 3730 ‘373
1266 3696 1322 3746 sqq.

254 3797 290 3864 ·³)
308 3800 391 3852 Usum
414 3804 534 3854 vocabuli
561 3819 595 3853 ne
612 3803 745 3868 postremis
770 3800 874 3866 quidem
892 3802 1052 3866 temporibus
1071 3803 1228 3854 exstinctum
1244 3803 1323 3854 fuisse

304 3887 464 3938 demonstrat
486 3893 611 3939 tractatus
635 3885 691 3960 περὶ
712 3884 859 3954 ἀνωμάλων
881 3883 1003 3957 ρἠμάτων
1024 3889 1052 3937 in
1070 3889 1132 3939 Aldi
1154 3887 1235 3942 Thes.
1261 3888 1323 3939 Cor·

306 3985 368 4022 nuc.
387 3974 405 4022 f.
427 3976 486 4025 217.

266 4089 286 4157 ⁴)
306 4091 406 4141 Tacere
428 4089 497 4154 nolo,
525 4092 552 4141 in
572 4097 683 4143 mentem
704 4093 770 4142 mihi
788 4092 866 4143 etiarn
885 4094 990 4146 venisse
1009 4093 1152 4145 Herodiani
1171 4091 1322 4166 μονὸβιβλον

307 4175 362 4247 περὶ
384 4176 477 4248 sopior
494 4176 535 4230 καὶ
553 4176 672 4232 ἐπιθέτων
688 4179 729 4231 καὶ
745 4189 951 4251 προσηγορικῶν,
973 4182 999 4230 in
1020 4197 1070 4246 quo
1094 4195 1121 4230 re
1139 4195 1202 4230 vera
1222 4180 1254 4229 de
1272 4179 1322 4228 hac

243 4320 246 4324 ,
309 4262 519 4316 diversitate
536 4267 714 4330 prosodierum
733 4268 794 4332 egit.
