3009 4709
664 385 717 397 vm*
723 384 778 397 »νυ-ω
787 384 818 396 νυ

183 489 269 596 desid
297 524 483 611 adscriptam
511 540 578 587 csse
596 518 677 586 vidis
698 527 750 582 aut
770 516 836 605 ipso
858 517 933 582 alias
955 519 995 584 ob
1025 539 1130 586 causas
1152 515 1298 588 Theodcv

183 631 228 694 sio
267 623 382 692 tribuit.
423 622 501 688 Eius
528 621 624 705 igitur
653 620 806 706 epitomae
831 616 967 704 primum
994 615 1070 682 nihi]
1100 614 1159 684 nisi
1185 614 1298 680 librum

183 729 246 794 XV
250 727 287 807 I.,
309 734 419 812 postea
440 731 538 789 totam
557 721 591 785 in
612 719 738 785 brevius
759 718 921 786 contraxit.
965 716 1037 782 Hoc
1057 715 1156 796 addo,
1186 714 1297 781 codicis

184 828 324 896 ordinem
344 825 377 890 in
398 820 565 888 tractandis
586 819 763 888 nominibus
785 820 825 883 ab
848 839 900 898 co,
932 828 964 879 ut
984 815 1124 896 videtur,
1145 825 1297 882 mutatum

64 941 72 945 “
184 950 266 995 esse:
288 928 321 991 in
341 924 482 1002 irascaris
504 922 589 987 euim
609 921 746 1007 epitoma
765 918 866 1004 primo
887 915 957 982 loeo
979 916 1018 980 de
1037 913 1212 984 nominibus
1232 937 1297 988 non

185 1033 217 1097 in
238 1049 273 1091 αν
294 1025 400 1093 sedin
422 1045 457 1096 ας
479 1021 662 1088 exeuntibus
683 1018 801 1104 agitur3
822 1016 953 1083 alterum
970 1026 1073 1084 autem
1091 1017 1125 1084 iu
1137 1014 1298 1088 Catholica

186 1130 300 1193 factum
321 1126 414 1189 fuisse
438 1146 478 1189 cx
499 1118 637 1186 Arcadio
660 1117 780 1182 seimus.

244 1226 314 1291 Iam
334 1244 408 1288 vero
429 1221 477 1288 his
501 1218 642 1286 omnihus
663 1216 813 1306 reputatis
835 1215 910 1302 quid
932 1216 972 1284 de
991 1215 1131 1286 Arcadio
1159 1213 1297 1284 iudican-

185 1327 261 1392 dum
288 1325 327 1389 sit
354 1324 521 1390 videamus,
563 1319 677 1405 Neque
704 1318 737 1384 id
764 1316 891 1386 difficile
922 1326 969 1381 est
1002 1315 1173 1384 intellectu.
1217 1314 1298 1381 Cum

187 1423 426 1491 enimLentzius
448 1443 569 1485 summo
592 1418 659 1484 iure
681 1417 795 1485 dixerit
817 1418 916 1504 (quod
939 1417 1065 1502 quidem
1080 1439 1175 1482 unum
1191 1438 1298 1502 quern·

186 1549 247 1613 que
267 1524 369 1589 statim
390 1521 560 1592 concedere
581 1519 739 1605 oportet),
761 1517 904 1583 nascaris
924 1518 1090 1604 epitomem
1111 1515 1183 1584 libri
1202 1516 1297 1584 XVI.

122 1677 128 1692 ,
184 1649 223 1691 ex
245 1623 356 1691 eodem
377 1621 465 1687 fonte
486 1619 612 1684 fluxisse
634 1642 651 1685 e
674 1641 737 1706 qno
759 1618 888 1686 Arcadii
908 1617 988 1684 liber
1004 1616 1104 1700 fluxit,
1124 1617 1210 1682 illam
1223 1639 1297 1682 vero

185 1726 351 1811 epitomem
374 1744 392 1787 e
414 1719 592 1785 Theodosio
620 1721 764 1786 haustam
799 1738 866 1786 csse
900 1716 1087 1799 viderimus,
1124 1716 1199 1803 quid
1225 1715 1299 1784 inde

183 1823 267 1890 aliud
289 1821 487 1906 consequitur
508 1819 568 1886 nisi
580 1818 752 1886 Arcadium
776 1815 1074 1905 quoqueCatholica
1095 1838 1184 1884 usum
1204 1815 1298 1882 fuisse

81 1941 84 1944 ’
181 1925 243 1992 iam
260 1945 324 1987 non
345 1923 488 2004 integra,
515 1919 572 1985 sed
594 1918 626 1986 in
646 1918 813 2004 angustum
836 1916 1018 1986 contracta?
1048 1915 1154 2002 Atque
1182 1915 1214 1983 id
1235 1939 1297 2002 quo

182 2045 256 2087 usus
277 2029 324 2087 est
344 2018 510 2088 Theodosii
532 2017 692 2103 exemplar
718 2028 772 2084 aut
799 2037 838 2082 ex
869 2016 978 2082 eodem
999 2015 1053 2081 illo
1074 2015 1178 2098 fluxit,
1212 2018 1298 2102 quod

183 2118 487 2185 LasoarisMessinae
506 2118 635 2200 invenit,
657 2126 710 2182 aut
731 2140 772 2183 ex
792 2116 874 2186 libro
897 2115 979 2182 iliius
996 2115 1160 2204 persimili;
1183 2127 1297 2182 utram-

181 2243 240 2305 que
251 2219 332 2286 enim
343 2219 510 2305 epitomem
530 2217 640 2284 iisdem
661 2239 884 2303 nonnunquam
900 2216 981 2284 vitiis
997 2216 1138 2284 laborare
1149 2216 1297 2284 Lentzius

181 2320 406 2386 animadvertit
446 2317 560 2405 Neque
582 2340 642 2404 ego
662 2316 766 2397 video,
790 2317 865 2402 quid
884 2316 1058 2384 sententiae
1079 2326 1204 2382 nostrae
1226 2341 1297 2384 oum

180 2420 286 2506 aliqua
314 2417 546 2484 demonstrandi
566 2418 598 2481 vi
620 2420 736 2505 opponi
756 2417 861 2504 possit.
903 2417 973 2486 Inro
1002 2416 1094 2483 etiarn
1124 2440 1165 2486 ex
1190 2419 1297 2486 indole

179 2520 275 2608 ipsius
305 2518 461 2605 epitomae
485 2525 573 2582 tanta
597 2516 802 2603 neglegentia
828 2516 1012 2603 inscitiaque
1039 2517 1196 2585 confectae
1226 2541 1296 2606 pro-

179 2618 313 2687 babilius
334 2616 562 2699 emendetur,
592 2628 751 2686 auctorem
772 2617 836 2684 eius
858 2641 921 2683 non
942 2616 1037 2682 talem
1056 2616 1167 2701 fuisse,
1198 2619 1297 2705 qualis

179 2721 279 2805 ipsum
306 2718 527 2785 Herodianeae
559 2716 718 2783 doetrinae
758 2717 875 2784 fontem
907 2716 994 2784 adiro
1032 2726 1147 2802 posset.
1190 2717 1297 2785 Verba

180 2818 313 2903 quaein
334 2815 735 2884 codicoHavniensilibro
757 2819 856 2904 primo
888 2815 1063 2904 praeposita
1090 2828 1162 2883 sunt
1191 2818 1295 2901 [rard-

182 2939 229 2992 υες
258 2920 309 3002 τῆς
341 2918 504 3000 καδολικῆς
529 2915 700 3001 προσῳδίας
736 2920 789 2980 τοῦ
821 2915 998 2999 σοφωτάτου
1026 2915 1215 3001 Ἦρουδοανοῦ
1244 2917 1296 2993 οὓς

180 3014 334 3101 capricana
349 3017 511 3089 Θεοδόσιος
533 3014 549 3081 ὁ
571 3016 771 3100 γραμματικὸς
793 3015 927 3099 φυλάξας
948 3016 998 3080 τὸν
1020 3015 1144 3100 ἀριθμὸν
1167 3022 1226 3088 τοῖν
1249 3020 1296 3101 βι-

182 3117 286 3200 βλίου)
314 3116 444 3183 fortasse
465 3116 664 3204 transscripta
691 3127 763 3190 sunt
790 3137 831 3184 ex
860 3116 977 3184 maiore
1010 3116 1161 3203 epitoma3
1193 3138 1298 3206 neque

181 3217 246 3283 ullo
274 3216 367 3283 modo
396 3239 437 3282 ex
462 3216 498 3281 iis
532 3218 691 3302 sequitur,
712 3217 815 3304 ipsum
850 3215 1063 3286 Theodosium
1084 3228 1209 3288 nostrae
1231 3219 1295 3306 epi-

179 3327 284 3384 tomae
304 3314 488 3404 scriptorem
510 3327 563 3382 aut
589 3318 798 3384 existimatum
823 3317 917 3388 fuisse
946 3327 998 3382 aut
1024 3341 1060 3388 rc
1088 3339 1163 3382 vera
1191 3317 1294 3388 fuisse.

180 3415 227 3482 Ea
247 3439 323 3482 vero
345 3416 478 3502 quaein
498 3413 611 3483 eodem
632 3416 738 3485 codice
758 3428 832 3484 ante
853 3416 1019 3506 prologum
1039 3417 1174 3502 legimus
1202 3416 1295 3501 (πρό-

180 3516 268 3595 λογος
289 3510 396 3599 οἶμαι
418 3513 581 3581 Θεοδοσίου
602 3513 642 3591 εἰς
663 3517 733 3591 τοὺς
753 3518 881 3591 κανόνας
902 3520 954 3602 τῆς
984 3518 1147 3600 καθολοκῆς
1168 3539 1295 3602 προσῳ-

181 3612 245 3687 δίας
265 3617 318 3678 cot
340 3617 436 3697 σοφοῦ
457 3614 669 3699 Ἧρωδιανοῦ),
691 3618 836 3705 opinione
858 3618 998 3684 nituntur
1019 3617 1083 3684 eius
1106 3616 1160 3702 qui
1177 3616 1295 3708 primus

179 3714 257 3781 haec
283 3716 380 3781 verba
405 3714 574 3782 adnotavit.
616 3715 760 3784 Forsitan
794 3718 905 3805 aliquis
938 3725 1042 3804 putet,
1079 3716 1163 3780 huno
1193 3715 1294 3802 ipsum

178 3811 272 3879 fuisse
296 3811 471 3881 bescaram.
514 3815 589 3880 Eius
611 3817 693 3882 enim
717 3841 824 3902 manu,
853 3828 889 3884 ut
909 3827 975 3883 erat
996 3818 1045 3882 vir
1060 3816 1097 3887 ¹in
1120 3816 1294 3885 describen-

178 3913 226 3978 dis
246 3912 332 3979 libris
352 3915 560 3999 χαλκέυτερος,
580 3916 695 4002 scripta
715 3917 748 3981 in
772 3918 960 3986 bibliotheca
979 3917 1151 3985 Matritensi
1172 3928 1295 4004 praeter

179 4013 356 4099 epitomem,
379 4038 473 4101 quam
492 4015 560 4103 ipse
582 4037 622 4081 ex
633 4015 810 4083 Theodosio
832 4018 972 4100 confecit,
994 4018 1055 4083 alia
1075 4026 1184 4099 exstat,
1207 4016 1293 4081 Hav—
1320 4077 1323 4082 ,

177 4112 276 4180 nicusi
303 4112 401 4196 libro,
433 4124 469 4178 ut
493 4115 631 4199 videtur,
661 4114 817 4182 simillima
845 4141 882 4184 ac
903 4141 1030 4206 prorsus
1058 4118 1169 4184 eodem
1199 4118 1292 4204 modo

176 4209 346 4277 Theodosii
374 4215 499 4280 nomine
527 4216 575 4282 bis
603 4216 779 4305 significata
811 4218 868 4300 (Ia.
897 4241 927 4305 p.
957 4219 1016 4284 141
1045 4222 1135 4303 sqq).
1177 4215 1293 4304 Neque
