3009 4709
684 329 834 435 ..1,1...

202 554 356 640 Dionysio
377 552 506 621 Sidonio
539 553 574 635 (Ξ
597 555 651 638 40)
687 565 739 619 aut
759 578 817 641 pro
847 555 1010 622 Zenodoto
1048 557 1086 635 (Θ
1108 555 1192 640 378).
1234 555 1317 621 Nam

201 655 277 721 mihi
297 652 422 739 quidam
441 675 620 746 persuasum
644 662 698 734 est,
720 654 753 718 id
770 654 853 740 qued
867 655 976 720 ultimo
996 655 1065 720 loco
1079 656 1167 740 posui
1178 656 1318 721 scholion

202 755 342 821 ecdicum
371 751 428 818 BL
450 753 490 816 ad
517 752 601 817 idem
621 775 720 837 genus
743 776 804 837 quo
838 765 939 819 cetera
958 756 1114 841 pertinere
1147 756 1204 838 (ita
1226 757 1318 821 etiam

202 852 345 922 Schmidt
364 876 395 938 p.
421 852 502 925 130).
544 850 656 935 Neque
678 851 762 916 enim
782 852 953 917 ullomodo
970 853 1115 919 credibile
1137 865 1194 934 est,
1216 855 1317 922 Hero·

203 954 328 1018 dianum
347 953 494 1036 probasse
515 951 664 1016 audacem
691 947 844 1017 Zenodoti
866 953 1058 1039 scripturam,
1095 955 1149 1038 qui
1169 955 1318 1019 Doricam

201 1057 332 1120 formam
352 1052 552 1134 τροφανείοας
568 1058 598 1127 ¹)
631 1052 717 1137 epico
739 1053 874 1117 sermoni
901 1053 1037 1118 tribuere
1064 1077 1127 1117 non
1158 1053 1317 1134 dubitavit,
1399 1134 1402 1139 1

202 1166 233 1220 et
253 1163 366 1239 quauta
386 1151 463 1217 fides
484 1152 556 1216 huic
576 1152 693 1217 scholio
714 1152 857 1217 habenda
878 1154 926 1234 sit,
957 1178 997 1219 ex
1018 1175 1054 1218 eo
1075 1164 1210 1240 apparet,
1234 1154 1318 1238 quod

202 1279 241 1320 ne
262 1251 435 1317 Aristarchi
463 1250 588 1336 quidem
616 1252 707 1316 lectio
741 1263 826 1316 recte
857 1253 990 1318 refertur
1023 1255 1218 1337 (προφανέντε
1244 1252 1316 1318 AV.

202 1352 387 1437 προφανεῖσα
416 1348 497 1433 BL).
539 1349 700 1436 Nusquam
736 1374 811 1415 vero
847 1352 946 1436 magis
982 1353 1181 1438 neglegentia
1197 1353 1318 1417 -herum

203 1457 438 1543 epitomatorurn
459 1461 586 1537 apparet
607 1473 700 1535 quam
721 1451 755 1515 in
774 1452 972 1518 adnotatione
996 1455 1108 1518 codicis
1133 1453 1251 1538 unae
1272 1463 1318 1516 est

202 1555 242 1618 ad
262 1556 289 1618 H
312 1553 387 1617 11οι
411 1548 613 1634 Ἀρίσταρχος
633 1551 682 1614 καὶ
701 1549 885 1634 Ἡρωδιανὸς
913 1547 973 1617 ἀνὰ
992 1551 1131 1636 diepam
1153 1565 1318 1639 utrumque

203 1654 287 1718 enim
307 1649 363 1716 dud
385 1649 418 1715 δὲ
439 1648 512 1732 σχέο
535 1651 649 1735 legisse
669 1651 825 1736 Didymus
847 1654 963 1739 etipse
984 1654 1180 1719 Herodianus
1197 1653 1317 1719 docent

204 1752 293 1829 Quae
314 1775 384 1816 curn
405 1752 447 1815 ita
468 1752 537 1830 sint,
560 1752 693 1816 dubitari
714 1753 830 1837 nequit,
855 1754 928 1839 quin
951 1754 1043 1818 etiarn
1071 1753 1185 1818 scholia
1213 1777 1318 1819 receu-

203 1853 281 1917 tiora
301 1852 340 1916 ad
362 1855 386 1920 E
407 1853 478 1917 857.
500 1854 526 1914 Η
551 1852 620 1916 298.
644 1855 669 1915 ll
695 1854 763 1918 104.
786 1854 809 1917 Ω
831 1855 893 1918 584
914 1854 1115 1920 deterioribus
1141 1854 1228 1917 libris
1248 1876 1318 1939 pro-

203 1953 279 2039 pria,
301 1975 379 2037 quae
400 1975 469 2017 eam
490 1954 530 2016 ob
552 1975 675 2017 causam
698 1976 769 2017 cum
780 1955 903 2019 scholiis
916 1956 1043 2021 Venetis
1065 1954 1235 2041 comparari
1255 1978 1318 2018 non

203 2061 340 2139 possunt,
362 2050 400 2114 ad
423 2051 505 2115 idem
528 2074 668 2116 errorum
689 2076 789 2137 genus
809 2054 993 2137 pertineant.

267 2151 415 2216 Ceterum
435 2173 656 2236 nonnunquam
676 2152 792 2215 factum
812 2163 868 2232 est,
890 2163 924 2215 nt
936 2153 968 2215 hi
989 2154 1170 2217 scholiastae
1191 2177 1317 2241 excorp-

203 2252 242 2314 tis
263 2250 469 2316 Herodianeis
496 2250 541 2313 uti
561 2250 726 2335 potuerint,
755 2250 886 2335 quaein
913 2251 1018 2315 codice
1039 2250 1159 2316 Veneto
1191 2273 1253 2314 nen
1273 2243 1338 2314 ib*
1358 2243 1499 2328 *kl

204 2349 378 2415 veniuntur.
421 2350 533 2436 Itaque
555 2350 724 2436 compluria
744 2350 914 2415 Prosodiae
942 2350 1055 2416 Iliacae
1075 2353 1250 2435 fragmenta
1271 2373 1319 2416 re·
1435 2349 1447 2355 ’
1480 2329 1499 2395 1

204 2451 388 2517 nentioribus
410 2450 533 2515 scholiis
555 2450 642 2515 nobis
664 2463 785 2515 servata
805 2461 885 2517 sunt.
928 2452 1001 2515 Huc
1027 2452 1191 2537 pertinent,
1214 2461 1248 2514 ut
1266 2473 1319 2536 op-

204 2550 279 2616 tima
301 2549 413 2635 eligam
435 2550 633 2635 (quamquam
651 2573 690 2616 ne
703 2553 780 2616 haec
802 2552 927 2636 quidem
949 2552 1129 2638 corruptelis
1150 2562 1180 2615 et
1201 2552 1319 2617 librari-

205 2675 293 2718 orum
315 2651 470 2716 erroribus
497 2644 594 2714 uacua
615 2652 710 2733 sunt),
745 2652 861 2716 scholia
883 2652 922 2716 ad
943 2655 971 2715 Λ
991 2653 1041 2717 52.
1063 2653 1133 2717 214.
1155 2652 1226 2717 554.
1248 2653 1319 2724 574,

204 2752 319 2817 Β266.
342 2751 413 2816 495.
435 2750 506 2816 504.
527 2753 550 2814 Γ
571 2751 620 2815 35.
642 2753 676 2817 E.
690 2751 760 2817 744.
784 2754 810 2815 Η
830 2752 901 2819 273.
924 2755 948 2817 Θ
972 2752 1042 2817 177.
1064 2755 1091 2815 Ν
1112 2751 1183 2819 424.
1205 2756 1225 2815 Ρ
1247 2752 1319 2818 465·

204 2854 226 2915 Σ
247 2853 318 2919 266.
340 2854 363 2914 'l
385 2851 454 2916 270.
477 2853 504 2914 Φ
527 2852 597 2915 507.
618 2853 690 2916 573.
712 2855 732 2914 7
758 2852 820 2922 228
835 2854 878 2934 ²).
899 2853 971 2933 485,
992 2854 1158 2939 praecipue
1171 2862 1272 2916 autern
1285 2875 1322 2917 ea

205 2953 315 3038 quibus
343 2973 475 3035 magnae
509 2950 696 3014 scholiorum
716 2950 913 3016 Venetorum
934 2951 1060 3017 lacunae
1082 2951 1264 3038 supplentur
1277 2958 1320 3028 ³).

204 3053 247 3119 Et
268 3051 419 3138 quaedam
440 3049 627 3115 deteriorum
648 3050 786 3114 codicum
809 3052 924 3118 scholia
943 3053 1034 3139 plura
1054 3053 1211 3117 continent
1229 3073 1321 3136 quarn

206 3176 251 3234 oa,
272 3172 353 3236 quae
377 3150 417 3215 ad
447 3150 574 3215 eosdem
600 3149 684 3215 locos
705 3151 738 3215 in
759 3151 879 3216 Veneto
910 3151 1057 3217 adnotata
1084 3162 1165 3216 sunt.
1208 3151 1261 3218 Sic
1281 3151 1320 3214 ad

262 3365 283 3429 ¹)
303 3363 343 3414 cf.
360 3363 424 3412 Her.
443 3379 471 3415 π.
491 3359 553 3432 διχρ.
573 3365 631 3429 296,
653 3361 684 3415 17
702 3380 759 3412 cum
778 3364 880 3414 Lehrsii
898 3365 959 3419 adn.

271 3467 291 3535 2)
311 3460 462 3536 Ἀρίσταρχος
482 3462 581 3527 ἄλλοτε,
607 3462 619 3515 ὁ
639 3461 666 3515 δὲ
683 3459 841 3534 Ἡρωδιανὸς
859 3463 912 3515 ἀλλ’
933 3462 984 3527 ὅτε,
1004 3466 1072 3530 qnod
1097 3483 1141 3516 cur
1158 3481 1247 3515 uerum
1266 3481 1322 3516 csse

310 3570 360 3603 non
385 3552 466 3617 possit
484 3567 536 3601 non
553 3551 686 3614 intellego,
724 3551 801 3600 Certe
818 3552 851 3601 ed
869 3552 1015 3617 prosodiam
1033 3553 1146 3618 pertinet
1163 3555 1189 3600 et
1206 3558 1320 3616 propter·

307 3655 339 3689 ea
351 3638 467 3697 Lentem,
486 3653 543 3685 cum
562 3636 594 3685 de
607 3636 762 3686 lectionibus
777 3637 927 3687 Herodiano
945 3639 1077 3688 attributis
1099 3648 1187 3703 ageret
1206 3638 1246 3704 (p.
1260 3636 1319 3702 393)

308 3724 477 3772 omittendum
500 3723 557 3771 fuit.
594 3723 635 3770 De
662 3722 714 3770 alia
738 3737 767 3769 re
793 3723 847 3787 agit
874 3724 971 3773 codicis
989 3725 1012 3772 A
1031 3725 1148 3775 scholion
1165 3721 1322 3794 Ἀρίσταρχος

311 3806 366 3860 ἀλλ’
386 3806 422 3860 ὅτε
444 3807 485 3871 δέ,
505 3807 577 3858 ἄλλοι
595 3805 621 3858 δὲ
641 3804 695 3857 ἀλλ’
715 3803 754 3859 'dre
773 3805 807 3877 δή
827 3805 867 3857 διὰ
884 3814 925 3857 τοῦ
943 3825 968 3877 η.

267 3893 289 3958 ³)
310 3896 342 3945 V.
361 3893 475 3943 Beccard
493 3911 518 3959 p.
539 3895 570 3942 79
588 3908 625 3958 sq.
654 3893 694 3942 La
713 3893 801 3943 Itoehe
818 3910 844 3958 p.
865 3897 878 3942 1
898 3910 935 3958 sq.
964 3895 1041 3945 Miror
1060 3896 1197 3946 Lehrsium
1217 3896 1244 3944 in
1265 3894 1320 3943 col·

309 3979 422 4043 ligandis
451 3977 591 4029 Prosodiae
619 3978 716 4027 Iliacae
751 3980 901 4044 fragmentis
928 3980 977 4028 hnc
1004 3983 1158 4046 neglexisse.
1201 3983 1321 4046 Exempli

311 4066 394 4131 gratia
417 4080 448 4114 ea
472 4080 606 4125 enumero,
624 4081 690 4128 quae
711 4065 742 4113 'in
761 4066 866 4116 scholiis
885 4066 1063 4130 Lipsiensibus
1087 4068 1120 4115 ad
1145 4067 1166 4116 Ε
1186 4069 1321 4115 336-635

311 4149 435 4200 adnotata
454 4164 486 4198 cx
503 4149 653 4199 Herodiano
671 4151 777 4201 fluxisse
795 4152 927 4201 ridentur:
949 4155 1008 4203 352.
1026 4155 1087 4207 400.
1106 4155 1165 4203 405.
1184 4155 1243 4205 461.
1262 4155 1321 4203 487.

313 4239 372 4292 502.
391 4239 450 4287 511.
470 4238 529 4291 523.
549 4237 610 4291 557.
628 4238 687 4286 567.
