3009 4709
177 557 317 625 Guamm.
339 581 370 645 p.
395 559 467 636 185)
489 568 574 625 recte
604 558 841 643 demonstravit3
870 564 927 628 nisi
958 562 1026 649 quis
1053 574 1164 651 putare
1193 567 1290 648 malit,

175 656 392 724 Herodianum
414 660 597 724 sententiam
619 681 706 722 suam
727 683 853 747 prorsus
875 664 980 749 inopte
1001 664 1197 749 expressisse.
1229 665 1291 729 lta-

176 758 437 843 queSchmidtius
459 757 594 837 censuit,
618 760 831 848 συνεζευγμένα
852 761 905 826 illa
934 763 1011 827 nihil
1032 764 1116 828 aliud
1141 788 1208 830 csse
1233 766 1290 829 nisi

177 858 319 941 singulas
340 879 421 943 quae
442 857 595 944 syllabam
618 858 784 923 efformaut
804 860 919 926 literas.
955 861 1049 941 Quod
1072 864 1147 928 mihi
1168 886 1290 948 quoque

176 955 293 1041 plaeet;
325 958 384 1023 hoc
405 958 518 1024 'tamen
545 957 642 1038 addo,
672 959 908 1041 συνεζευγμένων
947 963 1099 1027 vocabulo
1128 985 1189 1027 non
1211 964 1292 1027 solas

177 1054 344 1140 significari
371 1056 476 1123 literas
507 1065 588 1135 (tum
616 1058 698 1124 enim
731 1083 787 1124 cur
807 1060 1006 1132 Herodianus
1036 1085 1098 1127 non
1135 1062 1292 1148 scripserit

176 1152 250 1236 pst&
272 1156 417 1237 στοιχείου
439 1155 524 1237 τινός,
544 1158 598 1220 vix
620 1169 700 1224 esset
720 1160 993 1245 intellegendum),
1016 1162 1072 1228 sed
1093 1162 1197 1228 literas
1211 1186 1290 1228 ecum

176 1254 238 1318 suis
260 1254 312 1320 vel
332 1255 523 1341 syllabarum
546 1257 699 1343 prosodiis
722 1260 908 1324 coniunctas.
951 1262 1071 1347 Itaque,
1093 1272 1128 1325 ut
1148 1260 1291 1345 exemplo

176 1364 254 1435 utar,
276 1355 308 1418 in
332 1351 426 1435 βάθος
447 1356 559 1420 vocula
581 1367 725 1422 accentus
747 1368 853 1423 acutus
884 1361 977 1445 (quae
1000 1372 1128 1426 estune
1149 1384 1166 1426 e
1188 1384 1292 1447 proso·

177 1453 247 1537 diis)
277 1454 453 1519 enuntiatur
484 1453 667 1539 (ἐκφέρεται)
697 1480 780 1521 cum
807 1481 823 1521 a
852 1460 976 1525 litera
1005 1461 1126 1526 brevi.
1169 1461 1291 1525 Eodem

176 1552 269 1618 modo
292 1552 464 1619 Herodiani
485 1557 582 1620 rerba
601 1555 759 1621 intellecta
780 1580 846 1622 esse
867 1570 941 1644 puto
963 1584 983 1623 a
1012 1560 1161 1649 scriptore
1188 1584 1292 1645 gram·

176 1651 321 1731 mationa,
354 1677 446 1740 quam
474 1655 615 1723 Sturzius
651 1655 869 1742 Etymologico
897 1659 1042 1725 Gudiano
1076 1659 1218 1723 adiunxit
1246 1671 1291 1743 (p.

178 1753 263 1829 671).
305 1752 339 1816 Is
360 1754 443 1818 enim
464 1755 541 1821 haec
563 1755 647 1820 dicit:
677 1754 739 1819 'enei
761 1756 973 1840 συνεζευγμένα
1000 1757 1132 1840 λέγονται
1153 1756 1190 1822 τὰ
1211 1781 1293 1822 στοι-

176 1859 244 1934 χεῖα
255 1851 518 1936 (συμπλεκομένων
540 1853 596 1938 γὰρ
620 1854 649 1919 αἱ
668 1857 812 1937 συλλαβαὶ
831 1858 880 1922 καὶ
902 1856 931 1922 αῖ
951 1858 1045 1931 λέξεις
1065 1859 1214 1940 γίνονται),
1239 1856 1293 1919 οὐκ

177 1952 238 2015 ἔστι
260 1951 294 2015 δὲ
315 1953 451 2036 συλλαβὴ
471 1952 547 2019 κατὰ
568 1953 638 2027 τοὺς
658 1957 802 2042 παλαιοὺς
822 1962 881 2020 τοῖν
904 1963 1110 2041 γραμματικῶν
1134 1958 1171 2041 μὴ
1192 1958 1293 2019 ἐπιδε-

177 2049 289 2135 χομένιγ
302 2052 397 2136 τόνον,
419 2053 534 2138 πρέπει,
557 2056 638 2138 φησί,
660 2059 735 2140 μήτε
756 2056 839 2121 τόνον
857 2061 950 2141 χωρὶς
974 2058 1084 2140 χρόνου
1107 2056 1292 2139 εὑρίσκεσθαι

176 2154 240 2215 κτλ.
262 2161 293 2218 et
314 2153 407 2239 paulo
429 2166 514 2241 post:
535 2155 597 2219 ἐπεὶ
618 2155 751 2237 λέγονται
779 2156 991 2240 συνεζευγμένα
1011 2155 1087 2221 κατιὶ
1114 2180 1177 2221 τινα
1205 2157 1291 2233 (add.

178 2251 340 2336 συλλαβὴν)
361 2250 452 2325 αὐτὰ
474 2262 605 2339 στοιχεῖα
627 2256 725 2338 μόνον,
748 2256 827 2321 ἀλλὰ
849 2257 898 2322 καὶ
921 2257 950 2321 οἱ
969 2256 1046 2322 τόνοι
1068 2259 1116 2322 καί
1138 2256 1165 2320 οἱ
1180 2256 1290 2338 χρόνοι.

238 2353 342 2419 Multo
362 2356 484 2421 maioris
506 2357 656 2421 momenti
678 2380 714 2422 ea
737 2358 876 2443 quaestio
900 2368 956 2438 est,
979 2367 1130 2443 quatenus
1152 2357 1291 2423 definitio

177 2452 232 2517 illa
252 2455 411 2537 pertineat.
454 2455 687 2522 Dividebantur
708 2458 790 2523 enim
820 2458 982 2543 prosodiae
1004 2482 1022 2521 a
1043 2457 1199 2522 veteribus
1228 2456 1293 2539 ple-

177 2573 309 2639 rumque
323 2555 357 2618 in
379 2566 512 2640 quatuor
533 2577 651 2642 genera
668 2580 748 2644 quae
771 2568 859 2621 erant
878 2558 968 2637 τόνοι,
990 2556 1105 2638 χρόνοι,
1134 2556 1292 2635 πνεύματα,

177 2649 301 2736 uelim).
326 2653 508 2740 (inquibus
530 2653 612 2739 πάθη
634 2680 699 2722 non
720 2678 756 2720 ea
777 2669 858 2737 sunt,
881 2680 960 2743 quae
981 2658 1077 2741 vulgo
1100 2681 1118 2719 a
1139 2678 1292 2739 gramma·

178 2752 245 2817 ticis
265 2754 310 2817 ita
330 2753 532 2839 appellantur,
561 2757 616 2822 sed
637 2767 730 2824 notae
752 2757 906 2822 adhibitae
928 2757 960 2820 in
981 2756 1112 2839 singulis
1133 2754 1292 2820 vocabulis

178 2863 262 2917 recte
283 2852 495 2939 disiungendis
518 2865 572 2920 aut
598 2857 630 2921 in
661 2879 756 2921 unum
790 2855 1056 2941 conglutinandis3
1095 2875 1173 2939 quae
1202 2862 1293 2917 eraut

181 2949 388 3036 ὰπόστροφος,
418 2953 501 3037 όφέν,
534 2957 675 3040 διαστολή
704 2958 769 3020 siva
796 2954 1020 3038 ὑποδιαστολή.)
1062 2954 1162 3018 Erant
1189 2962 1291 3018 autem

180 3052 417 3137 quiHerodiani
431 3053 641 3122 definitionem
663 3056 701 3119 de
722 3054 796 3119 solis
818 3055 993 3119 accentibus
1014 3055 1291 3135 intellexeruut²);

180 3151 235 3217 sed
256 3153 317 3217 iam
338 3152 504 3237 Byzantini
524 3154 717 3241 grammatici
734 3156 815 3219 hanc
832 3155 1016 3220 sententiam
1036 3157 1105 3219 iure
1120 3156 1293 3219 reiecerunt

181 3273 283 3339 neque
303 3252 391 3317 nobis
413 3252 526 3317 diutius
546 3256 578 3319 in
599 3255 658 3318 hac
678 3278 712 3320 re
737 3253 924 3319 commorari
944 3277 1022 3340 opus
1038 3263 1093 3320 cst.
1116 3254 1167 3317 De
1183 3262 1293 3337 quarto

181 3361 285 3418 autem
318 3352 535 3438 prosodlarum
566 3377 685 3439 genere
713 3354 863 3419 dubitatio
897 3355 994 3418 oritur
1030 3355 1128 3416 multo
1158 3351 1292 3435 gravior.

181 3451 293 3535 Neque
304 3452 385 3516 enim
394 3453 581 3518 abomnibus
593 3453 802 3537 grammaticis
809 3452 889 3534 adda
900 3450 1050 3535 prosodiis
1063 3450 1188 3536 proprio
1199 3449 1294 3513 adnu-

181 3555 383 3617 merabantur
396 3555 439 3636 ³),
461 3563 492 3618 et
512 3553 538 3617 si
559 3553 598 3618 de
619 3550 703 3625 τάσις
726 3552 871 3617 vocabuli
892 3550 1118 3634 significatione
1139 3549 1294 3634 cogitave-

181 3651 292 3733 rimus,
315 3651 488 3718 Herodiani
508 3652 688 3719 definitione
718 3673 755 3715 ea
784 3675 847 3716 non
877 3651 1028 3717 contineri
1050 3650 1222 3718 Schmidtio
1250 3651 1293 3735 (p.

185 3751 258 3829 186)
280 3752 514 3820 concedendum
536 3763 592 3820 est.
634 3752 674 3816 Iu
696 3752 756 3816 hoc
778 3761 881 3816 autem
903 3752 929 3814 is
951 3751 1151 3815 vehementer
1170 3751 1294 3833 erravit,

183 3918 487 3929 ———-.——.-.-..

244 4024 263 4091 ¹)
281 4025 369 4081 Sahal.
388 4024 466 4078 Dion.
485 4042 512 4091 p.
531 4025 590 4085 674,
610 4025 642 4072 11
661 4022 706 4088 qui
724 4027 764 4073 est
781 4038 847 4072 unus
865 4022 936 4072 locus
955 4037 970 4071 c
988 4021 1084 4071 multis.

243 4144 264 4213 ²)
282 4145 370 4197 Schol.
388 4144 467 4200 Dion.
486 4160 511 4209 p.
532 4141 591 4206 678,
609 4140 642 4193 27
662 4139 718 4207 (Et.
738 4140 808 4191 Gud.
828 4158 853 4206 p.
873 4143 931 4202 671,
950 4142 1005 4203 41).

244 4263 372 4331 ³)Schol.
395 4263 471 4318 Dion.
492 4279 517 4328 p.
537 4262 596 4325 683,
614 4263 657 4315 22.
695 4261 822 4311 Choerob.
842 4260 905 4309 ibid.
925 4277 950 4324 p.
971 4261 1028 4321 706,
1047 4259 1073 4310 6.
