3009 4709
664 466 751 478 νωΛκΛ,
756 466 772 477 *l
791 466 815 477 ιν

177 603 305 669 tentiam
343 624 445 666 meam
470 600 504 663 in
535 619 635 685 pauca
671 607 858 663 contractam
885 608 1023 685 repetam
1041 599 1077 683 ¹).
1120 599 1294 666 Herodiani

178 703 274 789 igitur
293 699 455 769 Catholica
475 723 494 762 a
515 698 690 763 Theodosio
713 698 847 780 quodam
875 698 992 765 incerto
1020 710 1161 787 tempore
1190 703 1223 766 in
1245 724 1296 765 an-

179 814 304 891 gustum
328 811 431 867 coacta
455 809 511 870 eat.
555 798 665 866 Postea
685 809 797 879 autem,
816 799 947 871 saeculo,
971 811 1006 863 ut
1022 802 1164 883 arbitror,
1187 812 1297 884 quarto

181 904 302 969 decimo
323 912 374 965 aut
396 900 503 984 quinto
526 898 659 978 decimo,
689 898 771 961 hane
799 899 963 983 epitomum
991 902 1210 986 grammaticus
1232 903 1297 985 qui-

184 1002 272 1082 (lam,
306 1002 390 1065 euius
413 1019 529 1063 aennon
556 995 728 1062 Arcadium
746 998 840 1062 fuisse
862 1020 916 1063 cur
945 1000 1031 1065 libris
1052 1024 1116 1066 non
1137 1001 1297 1067 credamus

184 1124 307 1166 causam
327 1122 389 1165 non
411 1098 521 1177 video,
551 1097 589 1161 ad
612 1099 739 1162 brevem
760 1099 824 1162 cius
846 1117 939 1179 quam
959 1122 1042 1163 nune
1064 1102 1213 1166 habemus
1236 1103 1298 1188 epi-

185 1212 284 1266 tomae
304 1199 435 1265 formam
456 1197 587 1282 redegit,
610 1196 782 1283 exemplari
803 1221 874 1261 usus
889 1199 1014 1265 minime
1032 1201 1122 1287 bono,
1143 1202 1199 1268 scd
1218 1200 1317 1265 vitiis*

183 1310 335 1379 scatente3
355 1298 551 1364 librariorum
572 1297 723 1378 manibus,
746 1298 865 1383 opinor,
890 1299 1025 1384 epitoma
1044 1324 1101 1386 per
1122 1312 1299 1389 temporum

184 1401 347 1466 decursum
365 1398 425 1461 iam
446 1397 518 1460 satis
544 1396 703 1461 decurtata
724 1408 800 1479 erat,
822 1408 856 1460 ut
875 1418 955 1481 quae
978 1400 1131 1466 Arcadius
1157 1403 1299 1469 omittere

185 1509 288 1587 posset
308 1520 369 1563 nen
390 1498 487 1561 multa
508 1510 618 1562 esseut.
665 1497 703 1562 Ei
725 1498 823 1563 codici
843 1518 904 1580 quo
925 1500 1078 1564 Arcadius
1099 1525 1171 1565 usus
1193 1512 1241 1567 est
1261 1502 1299 1564 si·

183 1600 263 1663 milis
284 1597 340 1663 luit
361 1607 448 1661 vetus
469 1596 522 1661 ille
543 1598 638 1679 liber,
667 1598 831 1668 aLascari
853 1598 1005 1676 Messinaa
1034 1601 1178 1665 inventus
1207 1612 1300 1684 atque

183 1701 215 1763 in
238 1699 390 1784 epitomae
411 1698 545 1762 formam
566 1709 749 1764 contractus·

246 1798 309 1866 Sed
330 1818 478 1883 prospera
499 1798 621 1863 fortuna
642 1799 755 1863 factum
777 1809 831 1881 cst,
854 1812 887 1864 ut
908 1824 970 1864 una
991 1798 1101 1865 saltem
1120 1798 1300 1864 Catholicae

183 1919 254 1986 pars
275 1899 372 1961 multe
393 1896 542 1981 integrior
565 1896 604 1960 ad
625 1920 682 1962 nos
702 1899 880 1983 pervenerit
902 1918 994 1981 quam
1017 1908 1127 1979 cetera,
1158 1898 1299 1984 epitomis

183 2009 304 2062 tantum
324 1996 565 2081 fragmentisque
587 1997 674 2061 nobis
696 1998 829 2080 cognita.
871 1998 1089 2064 Herodianum
1118 1999 1201 2065 enim
1224 1998 1299 2066 XX.

187 2097 364 2163 Catholicae
384 2095 464 2160 libro
487 2096 525 2159 de
547 2096 699 2161 vocalium
718 2098 889 2179 quantitate
911 2108 942 2164 et
963 2098 1001 2162 dc
1022 2098 1177 2186 spiritibus
1200 2100 1300 2183 egisse

187 2208 304 2264 constat
324 2206 354 2260 et
376 2220 416 2262 cx
438 2206 621 2281 argumento
644 2195 798 2282 epitomae
819 2199 987 2284 praemisso
1011 2210 1041 2263 et
1065 2222 1105 2264 ex
1126 2199 1200 2285 ipsis
1222 2218 1301 2282 quae

185 2296 340 2363 Arcadius
359 2296 487 2383 praehet
508 2298 659 2382 excerptis
682 2296 725 2381 (p.
748 2297 808 2360 217
831 2301 923 2381 sqq),
943 2298 1074 2382 denique
1096 2324 1113 2365 e
1136 2299 1212 2364 locis
1234 2298 1300 2380 qui·

187 2396 319 2463 busdam
345 2398 383 2461 ad
413 2397 541 2480 librum¹
556 2396 643 2461 illum
670 2397 931 2483 spectantibus2).
975 2399 1078 2486 Caput
1110 2410 1212 2465 autem
1233 2398 1301 2481 περὶ

187 2496 307 2581 χρόνων
335 2501 391 2559 τῶν
415 2498 445 2560 ἐν
476 2498 617 2580 prosaicos,
646 2520 716 2561 eum
742 2520 761 2580 η
793 2511 824 2562 ct
853 2522 878 2560 ω
906 2501 1012 2566 literas
1042 2498 1162 2586 longae,
1194 2511 1300 2566 aeto

187 2602 299 2665 breves
314 2621 378 2664 osse
391 2607 544 2664 constaret
555 2600 584 2681 ³)
610 2618 726 2680 cacque
741 2598 897 2686 amplioris
911 2600 1175 2666 commentationis
1197 2622 1304 2665 ansam

186 2722 252 2764 non
275 2700 468 2784 praeberent,
503 2695 540 2760 de
562 2697 635 2762 solis
667 2698 841 2765 screare
865 2700 1032 2781 vocalibus,
1063 2720 1141 2782 quae
1163 2727 1181 2765 a
1202 2724 1303 2786 gram·

187 2800 306 2863 anaticis
330 2794 452 2880 δίχρονα
473 2797 717 2883 appellabantur,
740 2822 836 2885 agere
857 2800 965 2885 potuit.
1007 2800 1118 2883 Itaque
1140 2824 1210 2865 cum
1230 2799 1304 2863 scia·

189 2921 265 2979 mm,
287 2908 406 2986 partem
424 2897 603 2963 Catholicae
627 2899 719 2963 fuisse
740 2902 812 2982 περὶ
834 2899 991 2984 διχρόνων,
1014 2902 1306 2966 eommentatiouem

190 3010 292 3066 autem
309 3001 376 3082 περὶ
398 2996 554 3080 διχρόνων,
575 3017 653 3080 quae
675 3000 715 3063 ad
736 3024 793 3065 nos
811 3000 962 3085 pervenit,
984 3000 1218 3066 Herodianeam
1239 3019 1306 3074 esse

191 3109 308 3164 constet
330 3098 452 3183 (hebra.
472 3097 550 3163 Her.
573 3121 602 3183 p.
627 3098 688 3163 408
706 3100 798 3185 sqq),
822 3123 876 3163 cur
894 3101 1020 3166 tandem
1033 3100 1206 3165 dubitamus
1226 3100 1307 3164 hanc

192 3198 288 3283 ipsam
315 3221 374 3284 pro
402 3196 456 3261 illa
484 3196 664 3264 Catholicae
702 3209 791 3286 parte
823 3199 962 3267 habere?
1005 3203 1114 3288 Atque
1148 3202 1181 3266 id
1211 3200 1307 3265 multo

193 3298 283 3363 etiam
317 3298 428 3363 certius
461 3297 496 3360 fit
527 3310 703 3384 comparato
734 3299 813 3363 libro
842 3300 909 3383 περὶ
936 3299 1083 3384 διχρόνων
1114 3323 1182 3380 cup]
1203 3300 1308 3386 paucis

190 3399 396 3479 brevibusque
427 3396 553 3462 Arcadii
584 3397 623 3462 (le
653 3399 761 3463 eadem
791 3423 826 3465 re
853 3401 1015 3487 excerptis.
1060 3401 1163 3479 Quam
1186 3422 1309 3485 compa-

190 3500 340 3562 rationem
363 3499 481 3562 etiamsi
502 3500 565 3563 iam
586 3497 778 3566 Schmidtius
798 3500 833 3564 in
855 3499 984 3564 Arcadii
1006 3500 1142 3567 editione
1171 3497 1309 3578 instituit,

191 3608 297 3664 tamen
318 3595 544 3684 perspicuitatis
565 3599 666 3682 gratia
687 3610 785 3665 totam
806 3598 859 3664 hic
881 3622 1044 3687 apponam.

196 3775 500 3788 *mm—...-

257 3900 274 3966 ¹)
291 3889 383 3966 Neque
407 3906 493 3951 tamen
518 3917 557 3962 ea,
577 3916 643 3966 quae
662 3900 696 3949 ad
714 3900 819 3949 Arcadii
847 3906 933 3965 partes
952 3916 968 3948 a
987 3899 1123 3949 catholiea
1140 3897 1239 3948 alienas
1256 3913 1312 3964 per-

297 3987 388 4048 tinent,
406 3988 500 4036 iterum
520 3987 734 4037 cunrmemerabo’.

254 4105 559 4174 ²)Schol.11.9318.
596 4103 969 4169 Sch01.Ap.Rh.A.1aea
1007 4103 1099 4155 Choer,
1118 4121 1143 4168 p.
1164 4105 1221 4155 905.

258 4227 277 4294 3,
297 4228 416 4277 Fortasse
433 4227 476 4276 hie
494 4232 550 4277 erat
567 4226 638 4275 loeus
660 4225 742 4274 mirae
760 4224 830 4273 illius
850 4222 1017 4287 quaestionis,
1036 4224 1069 4273 de
1087 4240 1139 4288 qna
1157 4239 1204 4274 nos
1223 4222 1316 4273 docent

300 4314 379 4366 schol.
399 4314 478 4365 Dion.
500 4311 561 4363 rur.
581 4330 609 4378 p.
629 4313 677 4361 798
695 4326 751 4377 sqq.
789 4309 920 4365 Theodos.
940 4326 967 4375 p.
988 4312 1021 4360 33
1041 4311 1137 4362 Goettl.

1092 4393 1110 4458 3
