3009 4709
722 352 769 427 bd

670 445 819 457 &Ilm-lm

186 577 310 645 vocales
343 576 484 643 Graecos
520 576 697 643 Herodiani
731 578 920 663 temporibus
955 578 1095 644 similiter
1125 575 1301 663 prolocutos

187 677 304 744 fuisse?
330 676 443 763 Neque
471 678 591 742 duobus
619 698 699 763 quae
731 678 834 742 attulit
864 680 1017 764 exemplis
1044 677 1078 742 id
1110 675 1175 742 ullo
1209 677 1303 743 modo

188 778 422 842 demonstratur.
484 777 568 842 Nam
600 788 633 844 et
665 775 805 860 αἴγειρος,
838 779 924 843 ouius
956 779 1040 844 iocis
1079 777 1301 866 etymologiam

187 876 384 948 Herodianus
404 876 438 941 in
458 875 695 962 Orthographia
716 879 862 963 exposuit
887 878 958 958 (Or.
982 902 1012 963 p.
1038 881 1085 958 li,
1112 878 1174 960 14),
1201 876 1304 943 sines

187 978 336 1062 seriptum
352 977 568 1043 inveniebatur
590 975 656 1053 (Et.
669 1000 709 1042 m.
723 977 774 1056 28,
787 977 853 1058 oe),
876 987 908 1042 et
919 975 1059 1060 μάγειρος
1075 980 1161 1046 ouius
1172 977 1303 1044 Aeolica

120 1070 155 1141 ’.
186 1077 286 1146 forma
321 1085 397 1143 teste
424 1076 602 1142 Philoxeno
633 1088 701 1143 erat
728 1075 852 1160 μάγιρος
881 1079 935 1156 (ib.
971 1078 1050 1144 1624
1083 1078 1137 1153 F).
1193 1078 1303 1144 Restat

187 1200 284 1244 unum
320 1173 422 1259 re'arpa
458 1165 644 1246 voeabulnm
677 1178 763 1263 quod
794 1177 956 1261 analogiae
990 1187 1110 1242 aarum
1139 1201 1230 1242 eausa
1263 1179 1302 1243 ab

186 1278 368 1346 Herodiano
409 1292 685 1346 commemoratum
715 1277 810 1342 faisse
849 1279 992 1344 arbitror.
1041 1278 1093 1342 De
1132 1273 1216 1350 aira<
1249 1300 1302 1342 au*

187 1390 250 1446 tem
276 1379 342 1464 egit
370 1400 440 1444 eum
469 1379 510 1445 de
536 1378 639 1442 verbis
661 1374 741 1458 εἴκω,
761 1374 829 1453 ἵκω,
850 1379 914 1462 ἥκω
943 1378 1122 1457 dissereret3
1155 1378 1189 1442 id
1218 1378 1303 1463 qnod

187 1488 354 1565 apparete
377 1476 596 1545 Choerobosoo
614 1477 665 1553 ‚tin
686 1477 739 1543 Ps.
761 1502 793 1565 p.
816 1479 881 1554 77).

249 1577 420 1659 llootieoroa
445 1598 569 1663 quoque
595 1575 702 1660 legum
731 1576 1004 1642 Herodianearum
1035 1576 1178 1663 exempla
1213 1579 1303 1642 uobis

187 1686 309 1743 servata
330 1688 411 1746 sunt.
452 1676 571 1742 Docuit
591 1674 673 1741 enirn
695 1674 736 1757 ἂμ
766 1678 898 1758 sopato,
927 1698 1000 1740 non*
1019 1674 1054 1739 ἂν
1077 1678 1211 1758 βωμοῖσι,
1235 1701 1303 1744 esse

188 1777 386 1846 scribendum
408 1782 452 1853 (v.
475 1776 515 1842 ad
536 1778 563 1841 Θ
582 1775 676 1857 441),
707 1798 783 1840 nam
804 1776 880 1841 talia
898 1774 1054 1861 loquendo
1077 1775 1215 1842 Graecos
1237 1801 1303 1844 non

188 1875 365 1948 distinxisse
390 1885 497 1942 nomm
533 1885 587 1941 est
619 1875 787 1942 Praeterea
817 1876 976 1963 exposuit,
1006 1876 1037 1940 in
1068 1875 1189 1959 ἐχθρός,
1218 1878 1301 1962 quod

188 1975 481 2050 derivandumeseet
502 1977 542 2040 ab
567 1976 701 2058 ἔχθος,χ
715 1976 842 2042 literam
864 1986 948 2042 reete
968 1977 1051 2061 poni,
1072 1997 1136 2042 non
1157 1999 1185 2057 κ,
1208 2001 1302 2063 quana

187 2077 240 2142 alii
261 2079 366 2163 inepto
387 2075 597 2161 etymolbgiee
620 2075 748 2141 ratione·
771 2077 846 2152 (ἔξω
868 2071 1057 2158 τεθορηκώς)
1090 2076 1301 2161 praetulerunt

182 2179 257 2261 (Or.
279 2200 311 2265 p.
332 2178 395 2259 57⁹),
417 2199 481 2244 non
501 2184 621 2242 mamm
639 2175 757 2244 seilicet
775 2175 995 2261 appellatione.

249 2273 416 2348 Συντάξεως
438 2276 573 2361 donique
596 2297 693 2344 unum
722 2286 878 2342 servatum
906 2285 954 2342 est
981 2276 1192 2362 fragmentum
1218 2277 1296 2362 quod

190 2388 289 2446 exstat
310 2373 596 2462 apudPrisaisnum
619 2374 779 2462 opem:
801 2374 999 2442 Herodianus
1021 2375 1060 2440 de
1078 2374 1300 2462 orthographia

189 2477 333 2558 ostendit,
354 2474 566 2546 rationabilius
587 2495 654 2542 esse
675 2475 879 2560 sonoriusque
902 2486 1053 2561 quantum
1073 2478 1112 2542 ad
1133 2476 1306 2563 ipsamyo-

190 2580 233 2645 eis
255 2576 365 2665 prolot'
357 2599 471 2657 ionem,
491 2576 523 2642 in
545 2575 722 2661 compositis
745 2598 870 2662 quoque
891 2577 1077 2662 simplicium
1105 2576 1246 2660 segidam
1273 2574 1306 2640 in
1389 2645 1392 2650 ,

170 2676 367 2768 νω’(ὶίῐιιιηάἰε
386 2674 579 2761 syllabarum
600 2675 697 2742 literis
719 2699 854 2744 servare

252 2776 459 2889 Singulorum
474 2776 608 2858 partium
630 2775 901 2862 disponendarum
917 2777 997 2844 ratio
1019 2777 1121 2862 qualis
1135 2777 1229 2842 fuerit
1243 2798 1307 2842 non

189 2878 357 2957 doeemur,
377 2876 459 2944 de'‘
438 2900 475 2941 ns
496 2899 571 2944 vero
592 2876 692 2958 libris,
713 2875 766 2962 qui
793 2887 866 2943 ante
887 2878 1103 2944 Herodianum
1132 2878 1174 2944 do
1201 2878 1307 2943 ortbo

189 2978 321 3064 graphia
341 2975 504 3062 compositi
523 2986 612 3058 sunt,
644 2999 687 3042 ne
716 2978 858 3044 conicere
886 2961 1010 3062 quidem
1038 2979 1207 3063 quidquam
1225 2977 1307 3043 lieet.

188 3077 272 3142 Nam
295 3077 334 3142 de
354 3076 523 3159 Draconis,
556 3077 754 3164 Tryphonis,
776 3077 1000 3163 Tyrannionis,
1023 3078 1187 3145 Soteridae
1207 3079 1308 3164 operi-

189 3177 246 3241 bus
267 3175 345 3242 uihil
366 3177 478 3242 sarnus
498 3177 720 3258 nisi'nomina3
743 3178 876 3262 Didymi
897 3188 931 3244 et
950 3176 1110 3263 Apollonii
1132 3179 1171 3242 de
1202 3178 1306 3244 ortho-

188 3275 320 3363 graphia
339 3275 490 3341 librorum
511 3300 610 3363 pauca
631 3298 710 3362 quae
731 3287 895 3364 supersunt
913 3278 1089 3363 fragmenta
1107 3277 1147 3341 ad
1158 3275 1308 3359 ποσότητα

188 3376 346 3463 pertinent
365 3377 479 3442 omnia,
499 3374 594 3441 Plura
617 3387 776 3462 eampo-ta
806 3379 955 3444 habemns
978 3377 1018 3442 de
1044 3376 1129 3458 Oro,
1163 3377 1221 3462 qui
1244 3399 1326 3441 non=

189 3478 322 3546 multum
349 3484 419 3563 post
445 3474 661 3546 Herodianum
689 3475 806 3541 risisse
838 3475 1021 3558 ridetur'¹),
1054 3474 1214 3546 dodonae
1242 3477 1307 3546 eius

189 3577 381 3646 adversarior
413 3574 683 3646 seminalem
712 3575 804 3642 buius
831 3577 914 3641 enim
941 3577 1057 3665 scripta
1081 3576 1199 3643 'Suidas
1229 3577 1308 3643 haee

190 3688 364 3746 enumerat:
398 3673 600 3759 &personatur
628 3673 705 3739 κατὰ
732 3680 894 3756 στοιχεῖον,
914 3675 982 3758 aspi
1001 3683 1064 3759 ata
1082 3698 1106 3738 e.
1135 3674 1306 3756 orphanae,

188 3779 393 3869 gpdoypapr'ar
414 3776 482 3859 aspi
502 3778 554 3860 τῆς
575 3798 604 3842 au
624 3773 787 3858 ὅιφθὸγγου
808 3780 889 3844 κατὰ)
899 3775 1050 3858 Φρυνίχου
1062 3771 1306 3856 raadaaoryai'otl.

191 3884 260 3954 Sed
277 3881 373 3950 librtas
394 3877 460 3961 oapi
482 3879 534 3962 τῆς
556 3900 584 3941 ει,
603 3876 766 3960 &ydoneo
786 3887 820 3942 et
839 3875 908 3959 περὶ
926 3878 981 3959 τῆς
1000 3898 1031 3939 αι
1051 3873 1216 3957 dtpbdyroo
1238 3896 1307 3958 par·

191 3994 235 4048 tes
257 3991 375 4047 tantum
406 3978 499 4046 totius
529 3979 631 4065 operis
659 3978 753 4043 fuisse
781 3976 850 4062 quis
882 3989 929 4043 est
957 3977 1033 4062 quio
1054 3975 1223 4041 Ritsehelio
1253 3974 1308 4050 (de

143 4153 146 4160 ,
186 4082 258 4157 (Or.
289 4105 320 4169 p
351 4079 408 4158 36)
440 4077 615 4146 consedet?
658 4077 835 4144 Praeterea
854 4076 1071 4146 Bernhardius
1100 4075 1196 4212 verbo
1231 4071 1307 4137 κατὰ

192 4222 496 4236 ........-------.

255 4294 274 4362 ¹)
293 4295 402 4356 Ritsohl,
421 4294 453 4345 de
472 4293 524 4344 Oro
543 4295 570 4343 et
587 4291 685 4343 Orione
701 4307 730 4355 p
751 4292 793 4343 11
