3009 4709
171 588 341 675 sclepiadis
361 609 438 675 opus
459 595 532 653 ante
554 585 714 673 Apollonii
744 596 866 672 tempus
895 586 1043 672 scriptum
1071 606 1137 652 csse
1165 588 1293 655 minime

170 701 296 759 constat
317 687 430 772 (Lehrs
450 710 480 774 p.
501 687 584 771 436).
614 687 690 753 Post
704 685 906 773 Apollonium
927 686 1100 772 Lupercus,
1122 687 1292 770 Eudaemo,

169 796 333 879 Astyages
343 790 449 870 τέχνας
459 785 659 872 γραμματικὰς
667 789 875 877 composuisse
888 786 1052 852 traduntur
1063 787 1162 870 (Suid.
1176 811 1198 853 s.
1210 792 1292 874 vv.);

170 893 284 980 quibus
306 889 475 953 rationibus
498 889 672 969 quibusque
692 887 827 952 consiliis
848 887 1009 953 nescimus.
1055 887 1178 973 Operae
1199 888 1293 974 igitur

171 992 309 1080 pretium
340 997 387 1054 cst
408 989 519 1052 iterum
553 988 718 1070 inquirere,
752 1009 826 1051 num
853 987 1022 1074 Apollonio
1053 1008 1181 1054 revera
1204 1011 1293 1075 prae·
1330 1033 1334 1044 ·

172 1093 292 1157 clarum
314 1089 474 1154 consilium
496 1086 602 1170 magni
625 1085 705 1151 illins
728 1097 875 1169 certaque
896 1088 1014 1151 rationo
1038 1087 1168 1154 conlecti
1191 1090 1292 1176 operis

173 1194 241 1257 iure
261 1190 397 1254 tribuere
417 1187 580 1272 possimus.

238 1289 337 1355 Orsus
359 1287 573 1353 estDronlrius
595 1285 793 1368 aPrisciano,
816 1306 908 1370 quem
929 1310 987 1374 per
1008 1298 1108 1354 totum
1128 1290 1194 1355 fere
1215 1312 1292 1376 opus

173 1409 263 1454 sunm
269 1386 436 1476 Apollonio
450 1408 542 1450 usum
555 1386 649 1450 fuisse
663 1386 808 1450 facillime
822 1389 909 1451 nobis
923 1389 1097 1475 persuadet.
1118 1391 1190 1456 Hoc
1200 1392 1291 1474 addo,

176 1487 214 1550 dc
249 1485 324 1552 uoce
352 1486 554 1572 Apollonium
591 1487 723 1550 fortasse
757 1487 896 1553 breviter
923 1488 1024 1573 egisse
1057 1490 1087 1553 in
1115 1490 1195 1557 libro
1224 1493 1291 1575 περὶ
1388 1565 1393 1574 ,

175 1575 334 1670 crorxeiorv,
361 1586 402 1651 de
423 1584 542 1671 syllaba
564 1594 594 1646 et
615 1583 748 1651 dictione
770 1585 802 1649 in
824 1583 971 1668 εἰσαγωγῇ
991 1589 1110 1674 (Apoll.
1124 1590 1164 1655 de
1177 1604 1289 1657 constr,

173 1710 201 1773 p
218 1688 303 1770 337),
327 1705 421 1769 quam
439 1682 697 1748 introductionem
711 1686 743 1748 in
758 1687 934 1751 universam
948 1689 1179 1767 grammaticam
1197 1691 1290 1757 brisso

173 1787 333 1872 probabile
354 1798 407 1851 cst
452 1782 649 1864 Quamquam
670 1783 806 1849 Dronkii
827 1786 866 1849 de
892 1787 951 1850 hac
976 1807 1010 1850 rc
1037 1791 1204 1871 sententia,
1238 1794 1292 1874 qui

170 1887 343 1975 Apollonio
370 1883 541 1972 peculiares
569 1884 665 1949 libros
692 1886 760 1968 napi
786 1886 898 1968 φωνῆς,
925 1886 992 1969 περὶ
1021 1890 1186 1971 συλλαβῆς,
1222 1890 1290 1973 περὶ

170 1985 236 2059 λέεε
224 2009 281 2060 ως
303 1986 452 2065 attribuit,
473 1983 563 2050 certis
584 1985 775 2069 argumentis
796 1984 897 2050 refelli
926 1988 1044 2068 nequit
1087 1986 1181 2066 Quod
1211 2013 1288 2056 vero

172 2087 344 2168 Dronkius,
370 2107 440 2149 cum
461 2086 674 2152 Priscianus
664 2107 699 2150 m
725 2086 867 2149 omnibus
895 2084 1127 2151 Institutionum
1149 2090 1289 2173 partibus

171 2186 375 2271 Apollonium
406 2185 596 2267 adhibuerit,
636 2185 820 2250 ordinem
852 2186 984 2270 partium
1017 2185 1098 2271 apud
1132 2186 1288 2253 Graecum

171 2286 412 2371 grammaticum·
433 2285 565 2352 eundem
592 2303 685 2367 quam
715 2284 798 2371 apud
826 2283 973 2349 Latinum
1003 2286 1096 2350 fuisse
1128 2289 1287 2370 conclusit,
1324 2325 1326 2328 -

64 2461 66 2464 Ι
172 2386 204 2448 id
224 2387 319 2451 multo
340 2386 486 2452 audacius
508 2395 555 2451 est
575 2403 668 2467 quam
690 2383 890 2471 probabilius.
934 2384 1007 2448 Non
1032 2387 1105 2450 satis
1134 2385 1287 2471 cogitasse

172 2486 389 2552 mihi‘videtur
402 2485 561 2550 Dronkius
583 2485 622 2548 de
643 2504 680 2549 eo
694 2483 854 2572 Apollonii
876 2485 946 2550 loco
968 2485 1021 2567 qui
1042 2495 1090 2550 est
1111 2485 1150 2549 de
1171 2497 1285 2556 constr.

171 2609 201 2671 p.
228 2585 372 2651 10-18:
394 2584 437 2673 ibi
458 2583 541 2650 enim
554 2583 739 2669 Apollonius
761 2584 829 2649 fuse
852 2607 889 2650 ac
910 2584 1022 2650 diserte
1045 2586 1175 2674 exponit
1195 2609 1287 2673 argu·

167 2684 340 2768 mentisque
361 2686 558 2770 comprobat,
588 2702 739 2766 quaenam
769 2686 914 2749 sitrecte
934 2685 1012 2750 ratio
1041 2687 1073 2750 iu
1105 2685 1286 2752 ordinandis

166 2782 312 2850 orationis
333 2786 487 2871 pertibus3
509 2791 601 2865 atque
622 2785 681 2847 hac
701 2783 768 2868 ipsa
788 2773 908 2849 ratione
920 2784 1112 2850 Prisciannm
1135 2788 1179 2853 uti
1200 2787 1286 2854 vidc-

147 2906 242 2966 mus,
262 2883 316 2965 qui
338 2894 369 2949 et
389 2883 478 2948 illum
498 2882 660 2970 Apollonii
681 2882 785 2950 locum
806 2885 957 2949 convertit
974 2885 1022 2967 (Il
1050 2907 1080 2972 p.
1108 2886 1165 2950 115
1194 2888 1287 2971 sqq).
1348 2886 1351 2890 ’

163 2983 254 3048 Licet
274 2984 369 3067 igitur
389 2985 516 3068 ingenio
538 3007 601 3049 non
624 2983 797 3049 abundasse
818 3006 888 3048 curn
905 2987 1069 3071 putaveris,
1093 2986 1124 3049 id
1144 2987 1285 3073 prolecto

163 3102 267 3166 neque
301 3083 463 3168 ingenium
498 3109 557 3152 nec
587 3086 779 3170 diligentiam
819 3105 875 3147 nec
908 3083 1078 3150 doctrinam
1114 3085 1284 3168 requisivit,

163 3184 248 3298 qnod
272 3184 413 3250 ordinem
434 3188 473 3251 ab
493 3188 662 3273 Apollonio
682 3185 905 3272 praescriptum
927 3184 958 3248 in
974 3184 1160 3269 ,digerendis
1182 3188 1284 3272 open‘s

162 3284 211 3347 sui
232 3283 319 3348 libris
340 3294 460 3348 secutus
483 3298 538 3353 est.
564 3287 711 3351 lidemus
735 3275 840 3369 igitur,
862 3283 893 3346 in
916 3284 975 3348 bac
996 3306 1030 3350 re
1045 3284 1163 3349 nullam
1183 3285 1284 3352 inesse

162 3383 228 3446 vim
249 3386 499 3467 argumentandi
572 3425 576 3432 ·

224 3483 396 3550 Praeterea
417 3485 568 3549 aliudt
522 3495 568 3549 est
589 3505 650 3569 quo
670 3485 831 3551 Dronkius
856 3486 942 3569 quasi
965 3449 1149 3601 argumento
1170 3487 1282 3552 utitur:
1292 3544 1296 3549 ,

161 3581 325 3667 Apollonii
345 3585 497 3649 rationem
518 3585 617 3649 dico
608 3609 640 3650 m
662 3587 792 3651 citandis
813 3588 875 3651 suis
896 3586 993 3674 ipsius
1015 3587 1111 3673 script
1111 3587 1136 3651 is
1099 3577 1281 3652 tadhibi-

161 3689 235 3745 tam.
273 3681 380 3764 Atque
402 3707 443 3750 ox
466 3707 502 3752 eo
525 3685 651 3767 quidem
672 3685 755 3769 quod
779 3685 997 3773 Apollonius
988 3709 1019 3749 rn
1041 3708 1105 3751 uno
1127 3707 1282 3752 cemmen-

160 3780 240 3845 tario
261 3782 301 3846 ad
324 3783 418 3847 alium
439 3805 497 3850 nos
519 3784 648 3871 relegat,
674 3786 802 3851 minime
824 3786 1020 3869 consequitur
1041 3785 1081 3851 da
1103 3808 1166 3851 uno
1189 3784 1282 3853 libro·

159 3903 231 3945 rum
247 3903 377 3967 corpore
395 3886 594 3969 cogitandum
611 3906 691 3951 esse:
712 3886 744 3949 id
764 3883 847 3967 quod
866 3884 1000 3970 exempli
1018 3884 1120 3969 gratia
1137 3883 1280 3952 facillime

159 4002 200 4046 ex
222 3980 404 4051 Herodiano
424 3985 609 4071 intellegere
637 4007 810 4073 possumus
853 3982 929 4048 Plus
958 3986 1108 4049 momenti
1136 3986 1218 4054 inest
1247 3987 1286 4057 iu
1373 4051 1379 4060 s

158 4082 325 4148 verborum
354 4083 469 4166 formis,
498 4085 608 4168 quibus
628 4085 848 4170 grammaticus
870 4083 903 4147 in
923 4083 1084 4148 laudandis
1106 4070 1193 4149 libris
1216 4086 1280 4148 suis

158 4183 263 4246 utitur.
305 4182 334 4247 Ε
356 4203 416 4267 qua
444 4208 479 4251 re
503 4184 585 4271 apud
607 4183 810 4272 Apollonium
838 4184 916 4249 nihil
944 4182 1050 4268 colligi
1076 4204 1166 4269 possa
1195 4195 1279 4270 post·

157 4299 250 4367 quam
278 4281 426 4350 Lehrsius
459 4284 556 4350 edixit
587 4283 727 4367 (quaest.
760 4308 809 4372 cp.
839 4307 871 4372 p.
898 4284 967 4366 38),
997 4284 1174 4366 Dronkius,
1208 4308 1278 4350 cum
