3009 4709
718 351 869 458 Ab„

230 574 263 641 δι’
289 599 363 653 τινες
388 574 431 642 δτι
458 578 490 642 δν
510 582 572 652 τοῖς
599 576 805 662 δπιμσρισμοῖς»
821 575 900 661 λέγει
927 576 944 644 ὁ
963 573 1147 663 Ἡρωδιανὸς
1168 575 1212 643 ὅτι
1234 577 1347 663 μετοχή

229 677 305 743 ἐστιν
327 698 335 716 ·
356 673 434 758 λέγει
454 675 511 761 γὰρ
533 674 577 742 ὅτι
598 675 809 742 toxiandriam
832 678 1047 761 ὑπερκοδαίνιο,
1069 678 1196 745 ὲκΰδανα
1216 681 1347 753 sudoro<
1466 671 1467 682 ¹

230 775 432 863 ὑπερκυδοίνας
462 775 719 862 ὑπερκοδοίναντας
750 780 799 845 καὶ
826 779 902 845 κατὰ
934 779 1081 863 συγκοπὴν
1116 778 1345 863 ὑπερκύδαντας.

231 876 261 942 ὲν
291 877 326 941 δὲ
350 880 394 963 τῷ
421 875 586 963 ὀνοματικῷ
611 880 690 961 λέγει
723 876 766 943 ὅτι
800 877 895 961 ὄνομα
932 878 992 945 ἐστι
1025 881 1077 945 καὶ
1109 879 1222 963 μᾶλλον
1253 879 1347 961 ὄνομα

231 979 275 1042 δεῖ
300 974 394 1060 λέγειν
425 975 495 1041 αὐτὸ
522 976 599 1063 ἤπερ
627 981 757 1063 μετοχῖγν
781 998 789 1015 ·
810 985 854 1064 τῷ
882 977 939 1063 γὰρ
966 980 1133 1066 ὀνοματικῷ
1161 982 1205 1043 δεῖ
1231 981 1345 1062 μᾶλλον

230 1077 373 1142 πιστεύειν
399 1075 418 1161 ἢ
439 1082 500 1151 τοῖς
521 1076 830 1161 ἐπιμερισμοῑς·τοῦτο
857 1082 913 1166 γὰρ
935 1081 1124 1165 ὡμολόγηται
1150 1075 1222 1144 εἶναι
1241 1078 1345 1161 Ἥρω-

231 1179 340 1245 διανοῠ.
363 1177 450 1256 (add.
478 1201 518 1244 ex
538 1177 591 1242 Et
614 1175 641 1241 oi
669 1177 701 1243 δὲ
721 1181 904 1265 δπιμερισμοὶ
929 1181 983 1247 οὐκ
1012 1179 1080 1245 εἰσιν
1103 1178 1194 1243 αὑτοῦ
1213 1175 1345 1259 πάντες)

231 1274 297 1341 αλλ’
319 1271 372 1338 εἰσὶ
395 1274 450 1337 καὶ
471 1273 713 1358 ψευδεπίγραφοι.
747 1276 828 1342 Inde
859 1278 950 1344 fluxit
977 1279 1063 1345 locus
1083 1280 1116 1345 in
1136 1280 1188 1344 Et.
1209 1303 1251 1346 m.
1273 1279 1345 1361 779,

186 1361 190 1372 ⁸
230 1377 283 1457 20,
305 1376 357 1441 ubi
370 1385 524 1461 postrema
545 1374 713 1458 integriora
728 1386 859 1457 exstant,
880 1378 1074 1446 bustarum
1094 1381 1133 1447 Il.
1157 1400 1188 1465 p.
1199 1381 1270 1461 445,
1292 1379 1345 1461 30,

232 1499 325 1543 anon.
346 1475 385 1541 de
406 1474 530 1541 nomine
550 1475 583 1539 in
600 1473 757 1546 Oboerob.
779 1487 810 1560 p.
824 1478 874 1560 35,
898 1481 926 1560 3,
948 1480 1001 1546 ubi
1020 1479 1190 1546 miserrime
1211 1489 1258 1546 cst
1279 1503 1347 1546 cor·

231 1583 349 1660 ruptus.
392 1575 499 1660 Atque
521 1596 601 1661 quae
622 1597 664 1640 ex
685 1598 723 1642 eo
744 1575 888 1642 discimus
911 1579 972 1645 duo
992 1591 1073 1646 sunt.
1116 1580 1257 1646 Primum
1279 1583 1347 1666 ipsa

233 1676 286 1741 ilio
308 1673 622 1762 interEpimerismos
634 1684 665 1740 et
685 1675 781 1741 libros
802 1677 841 1741 de
861 1679 987 1746 nomine
1007 1680 1228 1765 discrepantia,
1241 1704 1346 1767 quam·

233 1798 325 1862 quam
352 1775 430 1841 haee
461 1798 524 1840 uon
550 1775 641 1839 nimis
668 1776 811 1864 urgenda
839 1787 892 1844 est.
945 1778 1110 1845 Praeterea
1136 1789 1238 1847 antem
1261 1781 1348 1847 vide·

233 1898 309 1956 mus,
331 1874 438 1940 scholii
466 1874 647 1957 scriptorem
676 1886 869 1960 compertum
891 1878 1051 1961 habuisse,
1072 1881 1155 1947 inter
1174 1903 1228 1947 eos
1251 1882 1347 1948 libros

234 1974 285 2059 qui
297 1973 483 2058 Ἥρωδιοινοῦ
498 1974 683 2058 ἐπιμαρισμοί
694 1976 953 2060 inscribebantur,
969 1980 1120 2061 quosdam
1136 2003 1203 2047 esse
1215 1982 1346 2066 spurios.

234 2076 285 2141 Ac
307 2074 346 2140 de
366 2073 404 2140 iis
439 2074 511 2158 ipsis
540 2073 755 2160 Epimerismis
776 2076 815 2142 de
842 2079 953 2158 quibus
985 2078 1036 2143 hic
1056 2081 1162 2164 agitur
1181 2081 1346 2162 dubitavit3

235 2197 308 2242 nam
333 2174 358 2239 si
380 2174 439 2239 hos
465 2174 618 2259 genuinos
646 2196 714 2240 esse
741 2173 889 2256 scivisset,
913 2194 975 2258 qua
995 2180 1117 2245 ratione
1139 2178 1191 2246 illa
1211 2182 1345 2246 scribere

239 2274 412 2360 potuisset?
434 2273 523 2352 Quae
545 2296 614 2339 cum
634 2276 677 2339 ita
697 2275 759 2339 sint
778 2286 901 2358 reputas
920 2298 1044 2361 quaeso,
1066 2300 1140 2343 nom
1162 2281 1226 2345 veri
1246 2279 1344 2344 simile

234 2377 283 2458 sit,
304 2376 473 2440 maximnm
493 2375 584 2441 huius
605 2373 676 2440 libri
697 2383 818 2456 partem
840 2397 881 2441 ex
902 2374 1085 2443 Herodiano
1106 2378 1200 2446 fuisse
1222 2400 1346 2464 excerp·

234 2488 307 2543 tum.
332 2512 371 2523 —
400 2473 493 2553 Quod
521 2495 596 2539 vero
624 2472 670 2537 La
701 2473 838 2539 Roehius
858 2474 1279 2555 arbitratur,dubitationem
1300 2498 1348 2540 or-

235 2586 298 2642 tam
326 2597 392 2643 osse
420 2583 548 2658 propter
575 2573 672 2640 solam
700 2574 783 2640 inter
810 2574 887 2640 duos
917 2575 1016 2640 libros
1047 2574 1294 2658 discrepantiam,
1316 2574 1349 2639 id

234 2675 355 2755 rationi,
395 2698 457 2760 qua
485 2673 679 2760 grammatici
708 2673 755 2739 ilii
791 2674 972 2755 utebantur,
1000 2695 1126 2760 prorsus
1160 2675 1350 2741 carnarium

236 2787 291 2842 ost.
339 2774 410 2839 Ima
436 2774 629 2857 perlustratis
654 2772 692 2837 iis
719 2772 804 2854 loeis,
832 2773 944 2859 quibus
974 2771 1172 2840 Herodianus
1203 2774 1349 2859 sibiipsa

236 2872 621 2955 contradixissotraditru,
640 2872 822 2953 invenimus,
844 2872 1061 2956 grammaticos
1081 2870 1351 2958 honesimirlieiter

235 2976 353 3043 referre
373 2996 434 3041 nec
454 2972 631 3039 dubitantes
649 2994 707 3037 nec
726 2972 884 3038 mirantes.

298 3076 328 3139 2.
349 3074 456 3143 Sehol.
473 3073 523 3146 ,lt
545 3072 636 3137 BLV
661 3075 683 3136 Z
703 3073 767 3137 414
786 3066 820 3137 τδ
842 3069 935 3156 ἀμόν
957 3071 988 3136 ἐν
1011 3071 1064 3156 μὲν
1084 3074 1121 3152 τῇ
1142 3074 1251 3153 Ἰλιακμ
1270 3092 1349 3155 προ-

238 3177 333 3270 σῳδίᾳ
354 3174 440 3258 φησιν
463 3172 479 3240 ὁ
507 3171 691 3256 Ἡρωδιανὸς
711 3169 927 3256 Δαρικώτερον
950 3167 1022 3237 εἷναι
1051 3169 1109 3235 irad
1130 3170 1184 3236 δοῦ
1213 3171 1351 3253 duace-

236 3298 303 3361 ρον
326 3297 334 3312 ·
358 3274 388 3340 ἓν
410 3273 444 3338 δὲ
472 3273 652 3359 ἐπιμερισμιγῖ
672 3273 760 3358 Υμησὶν
782 3269 826 3337 ὅτι
849 3269 907 3337 ἀπὸ
934 3270 1025 3356 ἐμόν
1052 3268 1200 3335 ἐκτέταται
1218 3269 1252 3336 τὸ
1274 3292 1290 3333 ε
1311 3268 1352 3342 εἰς

237 3369 398 3460 αμακρόν.
420 3375 468 3442 of.
489 3374 567 3440 Her.
590 3373 630 3438 ad
652 3374 683 3437 h.
705 3373 725 3438 1.
747 3384 778 3438 et
797 3373 838 3438 ad
859 3375 887 3436 N
908 3373 958 3439 96.
1031 3431 1034 3437 ,

300 3475 329 3542 3.
351 3475 495 3560 Theogn.
523 3497 554 3560 p.
576 3475 626 3554 71,
648 3474 669 3538 4
700 3471 725 3536 εἰ
746 3471 941 3556 σεσημείωται
967 3470 999 3535 τί
1028 3474 1181 3555 ἑταῖρος
1206 3481 1353 3553 προπερια

239 3574 395 3660 σπώμενον
417 3573 466 3640 διὰ
486 3582 539 3659 τῆς
560 3596 590 3639 αι
611 3573 788 3657 διαδόγγοο,
816 3569 918 3655 γέγονε
937 3571 971 3638 δὲ
991 3572 1074 3656 παρὰ
1095 3570 1130 3634 cd
1151 3572 1223 3643 ἕδος
1243 3569 1354 3652 ἐδαῖος,

239 3677 282 3752 ὡς
304 3676 414 3761 δρόμος
436 3678 587 3760 δρομαῖος,
608 3674 657 3739 καὶ
678 3676 775 3757 τροπῇ
801 3668 853 3736 eod
875 3675 896 3736 δ
916 3669 957 3745 εἰς
977 3696 1004 3752 τ,
1026 3673 1076 3735 καὶ
1102 3672 1282 3756 πλεονασμῷ
1301 3671 1355 3734 τοῦ

239 3802 257 3862 ρ
279 3780 403 3863 ἑταῖρος,
425 3774 580 3860 μεταθέσει
601 3783 654 3860 τῆς
679 3775 766 3858 ψιλῆς
788 3768 828 3844 εἷς
849 3773 967 3835 δασεῖαν
982 3790 991 3808 ·
1006 3767 1102 3846 οὕτως
1120 3769 1303 3854 Ἧριιιδιανδς
1325 3767 1354 3832 ἐν

240 3876 447 3963 ἐπιμερισμοῖς.
489 3877 589 3963 Atqui
620 3898 685 3941 uon
724 3895 760 3938 aa
789 3870 1027 3956 argumentandi
1061 3870 1180 3938 ratione
1213 3892 1288 3935 usus
1308 3877 1356 3935 est

242 3982 281 4046 de
302 3979 388 4046 Mon.
409 3979 460 4061 21,
480 3979 513 4045 5.
692 4003 695 4008 ·

256 4139 263 4155 ,
301 4081 331 4148 4.
352 4080 395 4148 Et
416 4079 499 4148 Gnd.
520 4100 551 4165 p.
575 4077 645 4158 131,
667 4075 705 4140 18
728 4072 816 4156 γονήι
837 4070 909 4154 δονή
929 4094 972 4144 τις
993 4067 1077 4150 οὖσα,
1101 4068 1183 4153 παρὰ
1202 4068 1237 4130 τὰ
1260 4068 1355 4132 δύνειν

241 4179 316 4263 αὐτῇ
335 4178 373 4245 τὰ
394 4177 545 4262 σπέρματα
564 4174 601 4241 τὰ
616 4173 796 4259 ἀνθρώπεια,
817 4177 913 4258 τροπῇ
933 4176 984 4237 τοῦ
1005 4173 1023 4236 δ
1044 4168 1085 4244 εἰς
1103 4168 1175 4253 γ·ἢ
1196 4165 1297 4251 παρὰ
1316 4167 1357 4231 to*
