3009 4709
541 274 547 282 ι

452 347 459 360 ‘
710 342 757 418 43

680 405 684 415 Ι

557 425 561 434 ’
660 430 725 444 »vnvm
730 435 740 444 ι,
746 437 753 444 e
761 436 768 446 ⁴.
777 430 809 444 ua

866 481 870 488 .

173 576 248 640 dem
269 574 303 640 iu
325 580 502 637 transcursu
523 570 617 633 allate
637 565 921 655 praetermittimus,
951 564 989 629 de
1017 563 1193 632 nominibus
1213 585 1292 627 mes·

171 673 285 740 culinis
297 671 511 737 tantummodo
523 680 554 736 et
565 668 779 734 communibus
791 688 891 730 sermo
903 675 958 730 est.
975 663 1086 750 Neque
1103 663 1136 729 id
1149 685 1293 751 premere

149 776 207 850 ,in
230 774 334 840 animo
356 782 404 840 est
425 771 510 856 quod
531 794 560 854 p.
583 768 633 850 35,
656 768 697 832 20
720 766 830 834 cunoni
851 764 1009 832 nominum
1033 763 1065 828 in
1088 764 1140 834 Cu<
1163 767 1214 834 ξας
1236 764 1293 843 duc

176 872 357 939 exeuntium
378 867 516 935 additur:
539 866 632 933 ἰστέον
647 865 691 932 ὅτι
711 865 898 950 Ἡρωδιανὸς
922 862 1001 929 οὕτω
1021 862 1166 933 retente
1186 863 1291 925 uuita:

176 973 255 1036 haee
275 969 359 1034 enim
380 992 429 1034 res
449 970 596 1055 frequens
618 969 700 1054 apud
723 969 962 1054 epitomatores3
995 963 1039 1027 sie
1059 960 1294 1034 inCatholicae

177 1070 311 1155 epitome
331 1069 463 1152 legimus
484 1090 515 1154 p.
539 1070 607 1148 106,
641 1072 654 1131 1
677 1067 711 1132 τὸ
735 1066 769 1131 δὲ
789 1063 849 1139 teo:
878 1062 949 1129 ποτὲ
971 1060 1022 1145 μὲν
1046 1060 1141 1133 tzere
1163 1057 1294 1142 ὁἮρω-

180 1163 286 1248 uerte,
308 1168 379 1234 ποτὲ
408 1167 442 1232 δὲ
468 1170 601 1261 περισπᾷπ
639 1169 748 1248 141,5
777 1167 952 1249 προστίθησι
982 1163 1016 1229 δὲ
1038 1162 1055 1228 ὁ
1076 1161 1210 1244 τεχνικὸς
1230 1163 1292 1224 mi„

172 1268 249 1349 148,
266 1268 301 1334 15
324 1265 401 1360 λέγει
425 1266 458 1331 δὲ
481 1265 497 1334 ὁ
515 1266 648 1349 τεχνικὸς
669 1270 732 1332 κτλ.
776 1267 818 1332 Et
840 1267 978 1334 eiusdem
999 1264 1124 1350 generis
1145 1274 1191 1328 est
1212 1260 1295 1348 quod

176 1372 211 1434 in
233 1367 400 1436 unstrode
427 1367 602 1434 nominibus
630 1368 737 1438 libello
766 1379 869 1434 exstat
887 1391 917 1454 p.
940 1368 990 1448 32,
1018 1366 1038 1431 3
1061 1370 1246 1447 apparuimus
1269 1359 1297 1426 ci

180 1470 306 1548 τεχνικοί
331 1470 395 1532 κτλ.
438 1467 565 1534 Maioris
603 1469 753 1534 momenti
784 1469 845 1532 iem
872 1467 991 1548 idest,
1025 1466 1108 1551 qued
1131 1488 1161 1551 p.
1183 1465 1232 1543 82,
1255 1463 1296 1528 35

183 1569 274 1650 Orus,
295 1591 326 1655 p.
348 1568 398 1649 83,
421 1567 461 1631 28
482 1566 685 1647 Theudosius,
707 1590 737 1653 p.
760 1569 810 1649 87,
839 1568 889 1634 31.
911 1567 962 1647 88,
992 1568 1030 1632 18
1059 1566 1193 1630 Ioannes
1215 1563 1295 1630 Obo-

178 1693 237 1734 rex
259 1667 400 1747 citantur,
422 1666 609 1753 graviusque
631 1666 745 1748 etiams
761 1667 845 1752 quod
866 1692 895 1754 p.
919 1666 968 1747 32,
991 1666 1031 1731 ‘29
1059 1665 1215 1729 sententia
1242 1688 1296 1750 po

182 1767 346 1834 steriorum
368 1766 640 1851 grammatioorum
659 1766 875 1832 Herodianum
897 1765 1146 1851 impugnantium
1169 1765 1297 1830 effertur

180 1878 211 1934 et
232 1891 261 1953 p.
283 1867 333 1947 35,
356 1867 374 1929 3
407 1875 498 1931 notus
517 1866 603 1930 locus
630 1875 733 1931 exstet
763 1867 802 1931 de
825 1864 1031 1949 discrepantia
1057 1864 1190 1948 quadem
1217 1863 1297 1926 inter

178 1965 352 2032 Herodieni
375 1964 427 2050 qui
448 1965 626 2030 ferebantur
653 1964 875 2050 Epimcrismes
895 1975 927 2028 et
955 1964 1173 2030 Onometicon.
1217 1961 1297 2025 Mire

181 2068 257 2131 haec
285 2069 423 2152 prolecto
452 2064 484 2128 in
507 2064 682 2144 Onomntici
711 2065 859 2151 epitoma,
896 2064 945 2127 cui
973 2064 1004 2127 id
1037 2086 1160 2148 quoque
1187 2083 1296 2148 purum

182 2165 335 2245 convenit,
357 2164 444 2249 quod
466 2163 531 2229 eius
551 2163 743 2249 prooemium
767 2164 809 2250 (p.
828 2163 964 2246 22-26)
986 2174 1093 2250 aperte
1115 2170 1296 2245 excerptum

183 2274 231 2330 est
254 2287 271 2330 e
293 2262 504 2330 Choerobosei
530 2261 761 2349 prolegomenis
783 2262 814 2326 in
836 2257 971 2327 dictate(
1002 2261 1095 2342 Quod
1118 2283 1191 2324 vere
1217 2281 1297 2322 sunr-

182 2387 268 2432 murn
280 2363 320 2428 ed
335 2362 550 2449 quaestionem
569 2372 707 2429 nostram
722 2374 914 2430 momentum
925 2363 1023 2443 effert,
1045 2364 1105 2427 hoc.
1120 2373 1174 2426 est.
1197 2360 1297 2425 Choe-

182 2465 328 2530 roboscus
350 2465 463 2530 diserte
486 2464 568 2545 dicit,
588 2464 796 2530 Theodosium
817 2464 848 2527 in
870 2486 906 2529 eo
928 2465 967 2528 ab
982 2463 1164 2529 Herodiano
1187 2460 1297 2523 disces·

182 2564 269 2646 sisse,
290 2565 371 2650 quod
392 2562 539 2630 vocabulo
560 2564 593 2628 in
615 2585 656 2637 εις
679 2564 824 2629 exeuntia
844 2574 915 2651 post
930 2587 975 2645 ca,
998 2585 1131 2647 quorum
1152 2584 1176 2634 ις
1195 2560 1298 2625 termi-

181 2663 340 2746 natioest,
362 2676 507 2751 ponerem
528 2664 702 2732 Herodiani
725 2667 807 2732 enim
829 2665 970 2731 ordinem
990 2665 1073 2728 huno
1094 2685 1174 2729 esse:
1198 2685 1233 2735 ας
1255 2684 1297 2734 εις

137 2842 143 2853 ,
181 2788 231 2839 suc
250 2787 296 2847 ης,
318 2789 354 2831 ec
375 2778 444 2831 tum
464 2766 588 2830 demum
611 2790 651 2848 ις,
673 2790 804 2852 quorum
828 2767 979 2846 ultimum,
1003 2766 1058 2830 etsi
1080 2788 1143 2831 non
1164 2763 1298 2841 additur,

183 2875 284 2934 tomen
306 2886 324 2929 e
344 2876 411 2931 toto
432 2888 537 2929 rerum
561 2888 704 2931 connexu
724 2877 862 2954 apparet.
890 2865 930 2930 Id
952 2875 1054 2929 eutem
1074 2875 1240 2951 prepterea
1260 2862 1299 2926 ab

180 2965 366 3032 Herodiano
387 2968 430 3031 ite
456 2967 630 3032 institutum
659 2990 743 3048 esse,
775 2968 849 3051 quia
877 2989 892 3029 ε
921 2967 1035 3032 vocalis
1067 2968 1161 3047 (quae
1189 2972 1236 3028 est
1266 2963 1298 3025 iu

181 3065 389 3153 diphthongis
409 3088 436 3130 ει
458 3075 488 3130 et
508 3072 570 3146 su),
591 3088 653 3132 nen
677 3088 694 3145 ι,
730 3076 801 3151 post
822 3088 841 3129 α
864 3065 966 3129 locum
998 3065 1128 3129 haberet
1161 3065 1201 3149 (p.
1229 3063 1296 3142 197,

185 3167 267 3247 lbi·
288 3166 400 3252 Neque
421 3164 484 3230 ullo
506 3176 553 3231 est
574 3188 674 3246 causo,
703 3188 759 3228 cur
780 3165 839 3230 hoo
860 3165 1069 3246 testimonium
1097 3166 1130 3229 in
1159 3162 1299 3248 suspitio·

180 3287 254 3330 nem
277 3264 483 3332 adducamus:
505 3288 577 3330 nam
589 3264 853 3345 Choerohoscum,
874 3264 899 3328 si
911 3289 975 3330 non
988 3265 1145 3350 integrum
1161 3261 1298 3330 Onoma-

180 3366 284 3444 ticon,
316 3364 355 3432 ed
386 3364 610 3448 certe,bonem
643 3365 707 3427 eius
736 3366 902 3449 epitomem
929 3365 1130 3432 inmanibus
1156 3361 1300 3426 habuisse

181 3463 393 3548 compluribus
413 3463 489 3527 loeis
512 3463 672 3529 evincitur.
697 3461 781 3540 Quid
801 3464 896 3548 igitur
914 3473 1060 3528 tractatus
1075 3471 1188 3542 noster,
1206 3483 1298 3546 quem

180 3562 360 3629 Liibbertus
381 3586 438 3650 pro
460 3562 653 3629 Herodianei
676 3564 777 3649 operis
801 3563 933 3650 epitoma
954 3563 1086 3628 hebuit?
1109 3560 1299 3647 Simpliciter

179 3673 283 3729 servet
305 3686 376 3730 eum
405 3662 544 3728 ordinem
567 3684 658 3747 quom
681 3683 814 3728 eencncs
837 3662 1048 3730 Theodosiani
1077 3662 1242 3749 exhibent:
1265 3682 1300 3732 ας

180 3783 216 3844 ης
245 3786 271 3835 ις
306 3785 347 3837 εις
376 3785 434 3835 coc.
477 3761 589 3852 Neque
622 3761 712 3827 aliter
737 3760 862 3834 κανόνες
893 3760 938 3826 1111
972 3759 1148 3843 drepente(
1168 3783 1301 3846 suprae

179 3863 269 3928 nobis
291 3862 542 3941 commemorati3
567 3871 662 3948 atque
683 3863 765 3926 hanc
784 3862 951 3947 praecipue
972 3863 1012 3926 oh
1035 3883 1157 3925 eausam
1172 3857 1311 3925 Lehrsii¹

179 3961 224 4027 illi
246 3961 417 4028 sententiae
437 3961 666 4045 (fragmentum
687 3961 726 4026 de
754 3960 915 4026 nominum
938 3960 1119 4026 differentiis
1141 3960 1189 4024 his
1210 3982 1300 4023 ceno-

179 4062 268 4126 nibus
290 4060 492 4147 praemissum
516 4083 555 4126 ex
573 4061 749 4127 Onemetici
773 4059 934 4147 prooemio
953 4070 1109 4146 sumptum
1128 4066 1213 4136 esse)
1235 4082 1301 4125 non

180 4160 238 4225 nisi
260 4158 437 4226 dubitanter
457 4158 638 4246 astipulatus
659 4183 737 4228 sum.

241 4259 388 4327 Ceterum
397 4259 424 4324 si
434 4258 560 4326 evicisse
571 4259 648 4323 mihi
659 4259 769 4326 videor
778 4259 865 4325 illam
877 4257 1013 4341 innuptii
1023 4264 1075 4322 τοῦ
1091 4257 1233 4343 ὀνόματος
1245 4260 1301 4345 (ita
