3009 4709
728 319 774 395 bt

672 411 824 424 ἋΛΛΛΛΛΑΛΛΙ

188 543 285 610 edidit
304 542 379 626 (An.
403 541 466 609 Ox.
489 544 509 607 2
529 565 561 629 p.
584 543 642 609 lau
663 561 756 631 τοο).
798 545 844 612 lta
865 546 1023 629 vocabula,
1045 569 1124 633 quae
1145 547 1178 613 in
1197 548 1303 632 legem

189 643 345 728 quandem
365 665 430 709 non
456 643 617 724 cadebant,
648 645 810 710 seiunctim
837 655 966 711 hastata
993 647 1087 713 fuisse
1117 670 1180 713 non
1210 671 1303 732 nego.

189 746 296 830 Atque
324 744 384 808 hac
419 744 537 809 ratione
571 768 641 808 cum
670 745 821 811 credibile
847 746 897 828 sit,
938 747 1155 813 Herodianum
1181 747 1305 833 singula

188 843 352 925 ποσότητος
372 867 490 929 genera
502 844 647 932 deinceps
667 855 823 927 tractasse,
837 870 908 914 cum
922 848 1066 913 Wettino
1088 850 1134 937 (p.
1152 850 1205 924 14)
1218 858 1306 936 puto⁷

190 966 228 1009 ea
249 967 328 1030 quae
343 945 388 1009 ‘de
409 945 610 1009 δυσωπεῖσθαι
630 947 663 1010 in
684 946 790 1032 Etpm.
812 971 854 1013 m.
874 970 904 1034 p.
927 949 998 1031 297,
1020 951 1059 1014 51
1076 962 1106 1015 et
1119 951 1151 1015 in
1164 947 1307 1016 Zonarae

189 1041 307 1108 Lexieo
328 1066 359 1130 p.
381 1044 443 1110 585
465 1046 621 1131 leguntur,
643 1045 683 1109 ad
703 1045 877 1133 Herodiani
911 1045 1180 1135 Orthographiam
1212 1051 1306 1136 perti·

190 1165 279 1225 nere3
316 1142 439 1212 additur
466 1145 549 1210 enim
578 1146 625 1209 his
652 1146 744 1211 locist
787 1144 881 1220 οὕτως
910 1143 997 1231 εὗρον
1028 1143 1068 1223 εἰς
1087 1149 1120 1213 τὸ
1149 1147 1306 1234 ῥητορικὸν

190 1241 303 1313 λεΕικὸν
325 1241 376 1325 τὴν
398 1242 474 1317 λέξιν
496 1252 540 1321 (ν.
566 1244 666 1313 Bekk.
679 1244 744 1310 An.
765 1270 797 1332 p.
819 1247 893 1330 234)
914 1246 963 1310 καί
987 1245 1074 1321 είςτό
1096 1246 1306 1333 ἀνεκφώνητον

192 1341 460 1431 (τὰσίνενιφώνητα
479 1344 574 1422 Ζοο.)
590 1345 788 1428 Ἦρωδιανοῡ.
822 1346 1018 1434 Quamquam
1039 1349 1113 1434 quid
1127 1350 1159 1413 in
1175 1358 1308 1415 tractatu

191 1448 230 1513 de
253 1470 261 1510 ι
282 1445 454 1532 subscripto
476 1444 641 1531 disputatio
675 1445 818 1513 duillius
839 1449 983 1513 vocabuli
1006 1448 1230 1533 significatione
1250 1451 1308 1517 sibi
1329 1471 1332 1474 ·

190 1547 335 1629 voluerit,
356 1568 482 1633 prorsus
503 1569 553 1613 me
574 1548 694 1613 nescire
715 1549 875 1615 confiteor.

253 1648 284 1712 A
306 1648 395 1711 tertia
424 1669 518 1732 quam
554 1646 618 1712 dixi
644 1645 886 1733 orthographiae
917 1659 1014 1734 parte,
1051 1669 1143 1733 quam
1175 1649 1307 1721 σάνταξιν

190 1758 311 1814 ναίοισι
333 1746 577 1835 appellaverunt,
598 1747 695 1832 longe
716 1748 856 1814 diuersus
878 1747 935 1813 fuit
956 1748 1120 1834 singularis
1137 1749 1308 1814 Herodiaui

191 1848 268 1912 liber
296 1846 363 1930 crept
389 1845 555 1920 συντάξεως
583 1847 736 1929 στοιχείων
765 1847 838 1929 sive,
868 1859 901 1912 ut
933 1873 952 1912 a
972 1849 1174 1933 Theognostc
1206 1849 1308 1913 minus

190 1959 276 2015 recte
317 1945 467 2035 appellari
509 1947 632 2011 videtur
647 1952 685 2032 ¹),
729 1945 812 2022 τάξις
852 1951 912 2012 τοῖν
933 1950 979 2013 κδ’
1023 1948 1185 2031 στοιχείων.
1235 1948 1307 2014 Duo

191 2048 385 2117 enimhuius
406 2049 508 2136 operis
528 2050 704 2134 fragmenta
718 2051 763 2133 ²),
785 2073 918 2139 quorum
938 2051 1034 2136 prius*
1052 2046 1224 2131 Ἐκβάτανα,
1246 2072 1307 2114 non

191 2145 354 2231 Ἐγβάτανα
375 2148 572 2214 scribendum
594 2150 692 2231 docet,
715 2149 847 2215 alterum
868 2150 908 2215 de
931 2174 947 2212 υ
969 2160 1000 2213 et
1022 2172 1039 2232 p
1060 2149 1221 2214 literarum
1238 2172 1306 2214 con·

191 2249 346 2314 iunctione
369 2246 443 2333 agit,
467 2248 688 2329 demomt'rant,
717 2250 887 2315 rectissime
917 2249 1037 2313 dehac
1063 2271 1098 2314 re
1117 2248 1303 2315 Lobeclsium

191 2348 342 2414 iudicasse
375 2347 461 2425 (Par.
493 2347 532 2412 ad
559 2347 682 2433 Phryn.
710 2371 741 2434 p.
773 2350 845 2412 484.
878 2348 982 2412 Paral.
1014 2371 1046 2433 p.
1068 2349 1137 2433 30):
1167 2348 1306 2434 exposuit

191 2446 400 2528 Herodianus,
423 2468 575 2532 quaenam
585 2446 693 2513 literae
714 2448 746 2511 in
763 2446 893 2532 singulis
908 2448 1064 2514 vocabulis
1086 2468 1154 2512 seso
1168 2447 1309 2534 excipere

192 2557 319 2635 possent
339 2571 376 2612 ac
397 2548 549 2628 solerent3
571 2548 602 2612 id
619 2549 702 2638 quod
718 2549 833 2636 pendet
855 2573 873 2614 ο
893 2549 1051 2613 literarum
1065 2559 1184 2612 natura.
1206 2548 1310 2632 Repu-

193 2672 293 2736 gnare
314 2650 439 2714 videtur
460 2650 531 2713 huie
552 2651 724 2716 sententiae
746 2651 868 2715 tertium
891 2650 974 2734 quod
996 2659 1134 2735 superest
1154 2649 1310 2732 fragmen*

193 2759 260 2814 tum
281 2749 442 2834 (Theogn.
468 2771 498 2836 p.
522 2749 593 2827 78);
621 2745 654 2812 τὸ
676 2746 752 2811 inira
773 2753 862 2832 μόνον
884 2748 918 2812 ἐκ
939 2748 1066 2812 πάντων
1080 2757 1136 2825 (sc.
1157 2745 1311 2829 ὀνομάτων

192 2852 251 2912 τῶν
273 2848 441 2931 στοιχείων)
464 2848 513 2911 καὶ
529 2848 722 2932 τρισάλλαβον
744 2847 795 2912 καὶ
813 2845 1096 2930 προπερισιιώμενον
1120 2866 1127 2881 ·
1149 2849 1198 2911 καί
1219 2846 1311 2929 ἐχρῆν

194 2946 265 3014 αὐτὸ
294 2950 570 3033 προπαροξιίνεσθαι
592 2970 599 2985 ·
622 2946 687 3012 ἀλλ’
717 2948 780 3013 ἐπεὶ
808 2953 952 3030 στοιχεῖον
985 2945 1020 3032 ἦν
1041 2944 1232 3032 ἠκολοάθησε
1252 2953 1313 3020 τοῖς

136 3075 141 3086 ’
195 3047 382 3131 δισυλλάβοις
413 3051 517 3132 ἔχουσι
540 3049 598 3133 πρὸ
619 3049 723 3123 τελονς
745 3049 794 3113 τὸν
816 3047 908 3114 τόνον.
952 3046 1017 3114 Sed
1038 3047 1209 3112 coniectare
1231 3046 1311 3127 lieet,

194 3149 410 3217 Herodianum
432 3150 472 3213 ad
493 3150 574 3214 hane
594 3172 662 3216 rem
675 3148 861 3236 pervenisse,
883 3171 953 3212 cum
968 3148 1016 3214 ‘de
1039 3171 1047 3210 ι
1069 3158 1100 3211 et
1113 3169 1138 3209 ω
1153 3146 1311 3213 literarum

195 3250 408 3316 coniunctione
428 3260 553 3336 ageret3
573 3248 624 3315 vel
646 3248 737 3313 etiam
766 3249 798 3312 in
819 3247 906 3313 initio
939 3246 1033 3313 totius
1052 3247 1134 3313 libri
1155 3270 1253 3332 pauca
1274 3248 1313 3311 de
1367 3315 1370 3322 ,

195 3349 325 3435 singulis
361 3349 456 3415 literis
490 3370 658 3436 earumque
690 3349 897 3438 appellatione
930 3358 1022 3434 atque
1056 3347 1164 3413 ordine
1199 3348 1312 3433 posuit.

195 3450 362 3537 Utcunque
381 3473 457 3516 vero
479 3472 515 3516 ea
536 3471 587 3515 res
606 3450 797 3531 sesehabet,
819 3449 859 3512 ad
875 3446 1131 3533 orthographiam
1149 3448 1208 3512 hoc
1227 3449 1314 3532 frag-

195 3563 335 3634 mentum
356 3575 419 3618 non
439 3551 538 3637 magis
558 3551 694 3639 pertinet
715 3573 808 3636 quam
829 3558 941 3615 cetera.
984 3548 1075 3627 Quae
1096 3565 1165 3612 eum
1183 3546 1227 3610 ita
1241 3546 1311 3613 sint,

198 3666 244 3721 est
266 3656 404 3742 profecto
427 3675 481 3717 eur
501 3653 658 3733 miremur,
680 3652 764 3738 quod
785 3652 825 3717 A.
840 3650 1031 3718 Schmidtius
1054 3647 1169 3732 (Beitr.
1192 3671 1222 3733 p.
1238 3646 1313 3720 133)

196 3754 308 3821 librum
314 3754 380 3838 περὶ
391 3746 558 3827 συντάξεως
569 3742 722 3835 στοιχείων
734 3774 791 3839 pro
804 3750 893 3816 tertia
900 3750 952 3814 illa
961 3747 1216 3835 Orthographiee
1226 3753 1315 3833 parte

260 4069 277 4137 ¹)
296 4087 323 4136 p.
341 4072 383 4123 26.
402 4069 516 4121 Alteram
532 4069 727 4134 inscriptionem
745 4066 842 4118 ibidem
859 4065 969 4133 legimus
987 4082 1013 4130 p.
1036 4065 1068 4114 78
1087 4067 1114 4113 et
1129 4061 1200 4128 apud
1217 4060 1308 4125 suph.

300 4175 328 4223 p.
350 4158 390 4208 14.

262 4274 392 4345 ²)Steph.
412 4278 431 4336 1.
451 4294 474 4332 c.
511 4277 630 4343 Theogn.
649 4292 675 4342 p.
694 4276 736 4329 26.
