3009 4709
766 322 786 396 'l

699 412 852 425 uvuvvvvxm

150 541 154 550 ’
217 550 300 637 quod
321 548 537 615 inHerodiani
557 548 678 633 scriptis
700 545 888 633 prosodiacis
909 544 990 629 πάθη
1011 568 1077 610 non
1093 553 1222 609 tractata
1239 544 1332 609 fuisse

217 652 379 714 arbitratus
412 660 468 715 est.
510 648 580 712 Imo
608 647 633 710 si
663 647 731 732 quis
766 645 815 710 vel
845 647 974 710 strictim
1004 645 1141 729 attigerit
1160 644 1331 711 Prosodiae

214 748 491 833 Iliacaeraliquias,
511 746 637 829 ridebit,
659 745 820 831 permultis
839 745 915 812 locis
939 746 1150 810 Herodianum
1174 745 1331 811 derebus

214 848 254 911 ad
275 845 357 929 πάθη
379 848 604 933 pertinentibus
627 849 727 933 egisse
753 851 799 928 ¹);
822 846 862 912 de
879 846 1040 913 Catholioa
1059 854 1164 910 autem
1185 844 1266 909 inira
1279 846 1331 910 ri·

216 948 365 1012 dabimus
408 947 516 1032 Atque
538 948 682 1033 equidem
713 948 850 1013 remita
878 969 947 1012 sese
975 945 1206 1030 habereputo.
1249 944 1331 1009 Cum

215 1048 390 1133 saepissime
411 1050 605 1134 quaestiones
618 1048 817 1133 prosodiacae
833 1070 902 1110 cum
927 1046 973 1128 iis,
996 1066 1074 1129 quae
1093 1044 1133 1108 ad
1154 1041 1236 1128 πάθη
1258 1067 1330 1131 per·

215 1146 365 1227 tinebant,
398 1146 550 1211 artissime
578 1157 680 1211 esseut
709 1147 892 1211 coniunctae
919 1146 1028 1229 (veluti
1056 1146 1084 1208 si
1111 1147 1328 1229 quaerebatur,
1374 1198 1379 1207 .

214 1256 316 1310 utrum
337 1246 525 1331 praepositio
548 1242 683 1310 συνθέσει
712 1269 751 1311 an
775 1242 938 1329 παραθέσει
966 1245 1156 1310 substantivo
1186 1245 1331 1310 adiuncta

214 1348 319 1427 esset),
351 1346 441 1410 facile
470 1346 538 1410 fieri
567 1355 706 1431 poterat,
734 1356 769 1409 ut
791 1346 1001 1431 grammatici,
1030 1367 1101 1409 cum
1123 1346 1162 1411 de
1182 1346 1330 1432 prosodia

215 1456 359 1532 agerent,
388 1445 480 1511 etiam
512 1468 716 1531 quaecunque
741 1446 781 1509 ad
802 1442 884 1527 πάθη
913 1446 1082 1532 spectantia
1109 1445 1214 1510 afferri
1242 1456 1330 1532 pote

214 1556 293 1626 rant,
317 1555 496 1610 tractarent.
522 1545 617 1622 Quod
637 1547 670 1609 in
691 1545 843 1611 Prosodia
867 1544 1039 1610 Homerica
1059 1545 1175 1610 factum
1197 1568 1263 1612 esse
1283 1548 1328 1612 vi-

214 1645 330 1708 demus.
374 1645 489 1729 Neque
522 1654 626 1710 tamcn
654 1646 853 1711 Herodianus
882 1645 1025 1729 diligenti
1062 1654 1155 1730 atque
1186 1657 1329 1712 accurata

213 1743 376 1829 prosodiae
390 1743 569 1807 delinitione
590 1738 671 1824 πάθη
687 1740 979 1826 comprehendenda
990 1764 1058 1807 esse
1069 1742 1197 1807 censuit.
1220 1743 1329 1830 Atque

212 1842 254 1906 ita
289 1839 371 1924 πάθη
403 1842 485 1907 inter
512 1842 673 1927 prosodias
705 1839 812 1906 haberi
843 1850 987 1927 poterant
1014 1865 1077 1907 non
1110 1843 1240 1926 κυρίως,
1274 1844 1329 1909 sed

211 1945 461 2023 καταχρηστικῶς.
473 1942 686 2006 Posteriorum
694 1962 768 2007 vero
778 1949 950 2027 temporum
961 1943 1154 2025 grammatici
1162 1944 1243 2009 ultra
1256 1968 1328 2031 pro·

212 2042 309 2125 gressi
321 2038 401 2124 πάθη
414 2041 500 2126 quasi
514 2049 656 2126 quartum
667 2040 881 2126 prosodiarum
899 2063 999 2125 genua
1011 2042 1119 2106 ceteris
1132 2042 1328 2109 addiderunt.

273 2142 371 2207 Erant
391 2143 488 2227 igitur
517 2149 645 2205 tractata
674 2142 708 2205 in
727 2140 880 2205 Prosodia
899 2140 1068 2207 Homerica
1087 2142 1184 2224 τόνοι,
1213 2144 1327 2226 χρόνοι,

211 2242 375 2324 ποεῦματα,
397 2239 490 2325 πάθη,
520 2263 623 2328 neque
643 2263 719 2306 vero
742 2242 926 2326 quidquam,
958 2251 993 2306 ut
1013 2241 1152 2326 videtur,
1186 2244 1326 2331 amplius.

164 2419 172 2426 ἢ
210 2342 309 2426 Atqui
331 2364 390 2426 ego
420 2342 482 2406 hoe
504 2364 566 2406 non
595 2339 823 2419 contenderim,
846 2340 1063 2407 Herodianum
1096 2344 1134 2409 de
1164 2343 1200 2409 iis
1229 2348 1323 2411 rebus

210 2442 434 2523 grammaticis,
455 2464 533 2526 quae
555 2440 595 2503 ad
613 2440 788 2527 prosodiam
812 2463 877 2505 uon
899 2451 1056 2526 spectant,
1079 2464 1119 2508 ue
1140 2467 1236 2509 unum
1258 2447 1326 2531 qui·

211 2538 281 2604 dem
311 2542 442 2605 verbum
470 2540 597 2620 dixisse,
645 2540 707 2604 imo
734 2562 810 2605 vero
839 2540 885 2606 rei
911 2551 1022 2606 natura
1049 2565 1154 2608 secum
1185 2545 1270 2625 tulit,
1292 2552 1326 2608 ut

208 2661 429 2725 nonnunquam
458 2640 649 2707 adnotationt
676 2641 876 2727 prosodiacae
908 2641 968 2705 alia
1000 2643 1152 2728 quaedam
1183 2645 1324 2726 adderet,

208 2759 287 2823 quae
307 2740 347 2803 ad
368 2739 453 2805 illam
478 2751 563 2806 reete
592 2740 837 2824 intellegendam
867 2741 1038 2806 necessaria
1069 2743 1119 2808 vel
1147 2744 1233 2810 utilia
1256 2767 1325 2811 esse

207 2841 332 2903 censuit.
374 2837 451 2903 Eius
479 2839 571 2905 modo
595 2849 666 2903 sunt
691 2861 772 2923 quae
798 2841 916 2925 profert
942 2841 984 2905 ad
1003 2842 1031 2905 A
1052 2842 1093 2907 80
1114 2842 1154 2908 de
1183 2844 1322 2927 χερείων,

208 2934 247 2998 ad
268 2939 291 2999 Γ
312 2936 373 3003 219
402 2937 441 3002 de
469 2937 564 3021 ἄιδρις
588 2939 812 3005 vocabulorum
840 2940 1061 3022 declinatione,
1091 2939 1131 3003 ad
1152 2943 1181 3006 A
1201 2942 1262 3010 567
1286 2945 1325 3011 de

207 3034 320 3108 ἄαπτος
338 3039 422 3102 vocis
443 3037 633 3123 etymologia
655 3049 685 3101 et
706 3038 946 3122 significatione,
972 3039 1013 3104 ad
1034 3041 1056 3102 B
1077 3041 1138 3104 521
1161 3040 1201 3105 de
1223 3042 1321 3109 altera

206 3134 339 3200 nominis
359 3133 519 3218 Ὑάμπολις
547 3137 662 3218 forma,
697 3138 736 3201 ad
759 3140 783 3201 E
810 3139 829 3202 9
857 3138 897 3204 de
918 3138 1038 3222 Δάρης,
1072 3140 1112 3204 ad
1141 3142 1166 3206 Ο
1195 3143 1256 3209 607
1285 3147 1325 3211 de

206 3231 381 3317 ἀφλοισμὸς,
402 3233 469 3302 alia.
491 3235 653 3320 Nusquam
674 3257 757 3318 vero,
780 3237 899 3322 opinor,
921 3237 994 3301 talia
1012 3255 1242 3326 commemorat,
1264 3245 1324 3315 nisi

206 3334 367 3400 occasione
393 3335 465 3400 data
491 3357 550 3423 per
579 3337 767 3422 prosodiam.
813 3337 893 3405 Sunt
925 3337 1051 3424 quidem
1077 3339 1137 3406 loci
1171 3342 1224 3427 qui
1251 3344 1325 3410 huic

205 3435 374 3500 sententiae
394 3437 516 3501 obstare
536 3437 695 3520 videntur,
727 3441 783 3505 sed
803 3461 949 3505 numerus
976 3461 1084 3504 eorum
1105 3450 1168 3505 tam
1191 3444 1323 3528 exiguus

207 3546 262 3617 est,
284 3547 334 3618 ut,
356 3559 427 3601 oum
456 3536 496 3602 de
529 3538 721 3605 scholiorum
759 3540 1000 3606 Homericorum
1036 3541 1257 3626 compositione
1289 3545 1322 3609 in

205 3633 335 3719 singulis
358 3636 433 3721 quid
455 3659 563 3703 verum
583 3639 622 3704 sit
642 3650 779 3706 statuere
801 3642 979 3728 saepissime
999 3640 1154 3707 lubricum
1175 3644 1215 3708 sit
1229 3654 1323 3731 atque

205 3733 365 3816 incertum,
394 3735 564 3822 quidquam
583 3761 624 3804 ex
645 3739 680 3803 iis
701 3740 733 3804 in
755 3742 937 3806 universum
964 3741 1105 3808 concludi
1125 3741 1205 3808 ratio
1226 3753 1321 3810 vetet.

204 3831 246 3895 Et
266 3855 341 3898 sane
363 3833 528 3919 diligenter
549 3860 583 3902 re
605 3839 780 3903 examinata
808 3840 886 3907 certi
906 3840 1024 3929 aliquid
1043 3842 1080 3907 iis
1101 3865 1166 3909 non
1195 3847 1322 3931 probari

205 3934 299 3999 etiam
319 3934 438 3998 facilius
458 3935 683 4022 intellegemus.

207 4076 357 4086 ----

266 4163 288 4227 ¹)
306 4163 340 4217 V.
358 4163 483 4229 imprimis
507 4164 580 4215 add
597 4169 655 4217 461.
674 4166 695 4218 B
712 4171 773 4218 427.
801 4168 899 4220 2465.
919 4169 942 4221 ll
962 4174 1020 4228 177.
1039 4174 1049 4225 1
1066 4178 1128 4225 236.
1152 4178 1212 4226 398.
1233 4176 1254 4229 0
1276 4179 1318 4233 10.

305 4252 364 4312 394,
383 4251 477 4315 quibus
492 4252 556 4302 locis
575 4253 607 4304 de
626 4255 717 4305 ceteris
735 4256 862 4320 prosodiis
880 4257 997 4321 quaestio
1014 4274 1067 4309 non
1086 4268 1135 4317 eat.
