3009 4709
199 544 327 618 otum¹)‚
349 533 433 621 quod
454 530 700 618 Byzantinorum
725 548 819 615 opera
848 524 1022 592 sexcenties
1048 522 1114 587 sine
1140 520 1233 587 dubio
1257 543 1310 586 ex·
1369 607 1372 612 ,

199 649 377 726 oerptuma
378 646 452 718 tque
473 635 506 702 in
527 639 693 716 angustum
721 628 824 693 denuo
848 634 989 704 eoactum
1018 647 1085 738 esse
1114 646 1155 689 ex
1182 624 1249 709 ipsa
1276 643 1312 688 re

198 746 390 826 apparetto
392 734 661 820 tepitomatorum
683 727 824 793 manibus
846 725 933 812 quasi
955 725 1028 787 resti
1017 722 1101 789 itisse
1122 744 1158 787 πο
1178 745 1251 808 per
1252 731 1312 786 tre·

199 837 301 905 deoim
318 833 438 900 saecula
453 827 604 896 durasse?
625 829 789 898 Nescirem
809 824 1007 913 profecto,
982 848 1009 887 οι
1030 824 1091 888 hoc
1110 823 1155 888 ita
1176 842 1243 886 sese
1258 822 1313 885 he-

200 941 340 1018 beret,u
319 949 421 999 utrum
441 933 543 1018 magis
563 929 625 994 id
616 952 717 1017 ipsum
738 929 826 993 nobis
849 924 1025 990 mirandum
1048 934 1129 989 esset
1150 946 1190 987 on
1207 921 1313 987 dolen·

201 1040 284 1119 dum,
307 1034 391 1123 quod
414 1044 477 1098 tom
490 1031 607 1098 recenti
626 1042 768 1117 tempore
786 1028 894 1095 literae
907 1025 1048 1093 Graecae
1065 1045 1220 1090 summum
1236 1020 1314 1086 illud

202 1137 419 1204 detrimentum
442 1134 603 1219 cepissent.
1023 1147 1025 1152 ·

260 1236 345 1302 Num
366 1256 442 1300 vem
463 1235 529 1319 ipse
541 1230 682 1295 Laseeris
704 1251 737 1294 se
748 1227 941 1296 Catholioam
956 1225 1069 1292 vidisse
1089 1222 1186 1289 dicit?
1208 1220 1315 1288 Verbo

114 1393 119 1402 .
202 1338 276 1417 eius,
298 1357 377 1421 quoe
399 1333 437 1396 de
458 1330 638 1398 Herodiano
659 1331 779 1416 profert
799 1329 831 1393 in
854 1329 985 1415 epistola
1006 1324 1046 1391 ed
1065 1325 1230 1391 Ximenem
1253 1323 1316 1410 epi

202 1446 302 1502 tomae
325 1431 533 1526 praemissa
519 1432 596 1496 haee
614 1441 697 1495 sunt:
720 1426 831 1512 με’θῶν
856 1429 910 1511 (so.
925 1427 1108 1510 παμπόλλου)
1128 1425 1323 1508 θαυμασίων)Ι

201 1536 249 1599 καί
269 1535 303 1598 τό
324 1556 360 1595 πε
347 1532 391 1617 ρί
411 1532 506 1596 τόνων
528 1530 581 1613 τὴν
603 1529 727 1613 μεγάλην
747 1530 820 1613 φημί
840 1527 1045 1613 προσῳδίαι
1029 1550 1080 1592 εκε
1082 1524 1132 1612 ίνῳ
1151 1524 1315 1610 ἐπέγραψεν

200 1638 282 1700 ἐνι
255 1635 375 1717 βιβλίοις
398 1629 560 1720 εἴκοσι,ι
534 1632 631 1714 βίβλον
658 1630 846 1712 πολόστιχον,
874 1625 910 1713 ἣν
940 1626 1014 1712 μετὰ
1041 1633 1132 1691 ταυτα
1154 1627 1317 1700 Θεοδόσιος

202 1732 360 1854 ἐπιτεμὼν
364 1732 467 1798 τόντε
490 1729 614 1814 ἀριθμόν
636 1733 692 1793 τών
716 1729 835 1811 βιβλίων
856 1728 944 1792 τότε
972 1731 1064 1811 μῆκος
1095 1726 1239 1809 motae,
1269 1724 1317 1791 διὰ

200 1835 233 1900 τό
255 1834 311 1924 μβ
317 1829 378 1897 οίόι
402 1855 434 1896 τε
463 1831 621 1914 βραχίστην
651 1828 789 1912 ἐπιτομήν
819 1826 925 1911 ulei
898 1828 997 1909 βίβλον
1021 1828 1161 1899 δέξασθαι
1186 1833 1236 1906 2)
1268 1826 1317 1889 καὶ
1358 1819 1363 1834 ’

201 1932 360 2018 μάλιστα’
347 1957 377 1996 εν
400 1934 442 2016 τῷ
464 1932 515 2013 τῆς
536 1927 707 2011 ὀνοματικῆς
722 1927 800 2011 τόνῳ
819 1924 1139 2013 πολυποικιλιυτοίτῳ
1121 1950 1180 1992 οντι
1201 1923 1318 1991 τοῦτοί

202 2058 247 2098 τοι
268 2032 317 2096 καί
338 2029 427 2103 αὐτὸς
447 2030 589 2101 πολλάκις
614 2027 817 2112 προθυμηβεις
848 2031 990 2111 βραχύναι
1018 2024 1073 2092 οόκ
1104 2022 1287 2110 ἐποίησα,”
1273 2048 1319 2090 ινα

204 2132 242 2216 μβ
264 2131 350 2197 πάθω
373 2128 459 2195 ταύτό
482 2127 578 2211 ἐνίοις,
601 2125 632 2192 οἳ
650 2127 840 2210 συντεμόντες
861 2129 968 2199 ἔδοξαν
991 2128 1118 2209 σταγόνα
1140 2124 1247 2201 όόατος
1266 2131 1319 2191 eoo*

202 2233 310 2297 Νειλου
333 2229 439 2314 ἀρόσαι
461 2279 469 2296 .
491 2228 525 2291 τό
558 2228 591 2291 δὲ
625 2224 834 2298 ἑκκαιδέκατον
864 2224 1014 2308 συντεμών
1041 2251 1073 2291 τε
1101 2229 1150 2291 καί
1178 2227 1319 2302 συντάξας

202 2329 278 2395 κατὰ
298 2328 351 2403 τὰς
372 2332 518 2412 τέσσαρας
540 2327 676 2409 συζυγίας
697 2330 753 2390 τοῖν
777 2324 934 2411 νεωτέρων
955 2328 1073 2411 ἔπεμψά
1094 2350 1141 2392 σοι
1161 2330 1224 2397 κτλ.

266 2429 395 2496 Summa
416 2429 462 2492 rei
482 2428 636 2513 pendete
655 2430 749 2491 ταῦτα
769 2428 938 2510 vocabulo,
961 2428 1053 2515 quod
1080 2450 1150 2493 oum
1171 2427 1319 2494 Lentzius

203 2530 270 2595 sine
291 2529 354 2592 ulla
376 2526 463 2591 dubit
451 2528 567 2593 tatione
588 2528 626 2591 ed
649 2521 889 2593 Herodianum
886 2528 936 2595 ref
935 2538 1010 2611 erat,
988 2526 1203 2594 tTheodosii
1223 2528 1319 2615 epito-

202 2653 287 2694 mem
307 2627 522 2714 significare
513 2651 576 2693 mm
606 2628 704 2694 multo
673 2638 808 2695 tonte
835 2629 995 2694 Prellerus
1029 2630 1163 2716 (quaest.
1142 2629 1226 2693 tdo
1247 2628 1318 2694 hist

201 2752 334 2815 gramm.
351 2751 382 2813 p.
397 2727 451 2805 14)
472 2727 566 2809 vidit3
589 2751 625 2793 eo
644 2753 669 2794 si
661 2729 769 2793 illud
791 2737 969 2810 statuamus,
991 2729 1091 2815 ipsam
1114 2726 1317 2811 Catholioam‚

203 2829 228 2891 si
247 2829 317 2910 hoo,
340 2826 404 2892 eius
426 2828 596 2914 epitomem
616 2853 633 2893 a
650 2829 829 2895 Theodosio
856 2832 970 2894 saetam
990 2828 1132 2893 Lasceris
1154 2828 1317 2915 excerpsit.

207 2927 336 2993 Prelleri
358 2936 463 2992 autem
485 2930 637 2994 sententio
658 2931 720 2994 iem
740 2938 907 3015 propterea
927 2928 1118 3016 probabilior
1139 2936 1203 3009 est,
1235 2928 1320 3014 quod

205 3049 242 3092 ea
264 3048 344 3113 quae
364 3028 554 3113 praecedunt
541 3030 670 3095 tverba
691 3052 755 3095 non
777 3030 817 3095 de
828 3029 1008 3096 Herodiano
1024 3028 1078 3092 sed
1093 3028 1132 3093 de
1141 3027 1319 3093 Theodosio

204 3137 312 3213 agunt
289 3127 502 3192 ttPlus
450 3151 489 3190 au
490 3138 552 3193 tem
573 3130 725 3195 momenti
745 3129 965 3216 comparationi
994 3126 1040 3192 illi
1068 3125 1221 3213 epitomae
1249 3148 1318 3193 cum

201 3237 294 3312 gutte
315 3249 354 3292 ex
377 3248 456 3310 aqua
476 3225 609 3293 fluminis
630 3230 740 3295 hausto
760 3229 871 3296 tribuo
913 3228 963 3294 Ee
985 3229 1068 3295 enim
1088 3225 1229 3312 intellegi
1256 3249 1319 3294 non

203 3335 321 3414 posset,
350 3325 375 3389 si
404 3326 444 3390 ad
474 3325 639 3413 epitomem
669 3352 709 3394 ex
729 3330 797 3415 ipse
818 3328 978 3394 Catholioa
997 3331 1111 3394 foetam
1130 3329 1318 3415 pertineret3

202 3427 234 3490 in
257 3428 317 3492 hac
344 3425 426 3490 enim
454 3425 526 3491 satis
546 3427 715 3494 'doetrinae
743 3450 906 3495 remanere
934 3429 1043 3515 potuit.
1086 3427 1142 3496 Sin
1169 3450 1245 3494 vero
1280 3428 1320 3495 de

204 3524 381 3592 Theodosio
402 3524 435 3590 in
457 3537 622 3612 angustum
645 3538 803 3594 contracto
824 3528 966 3594 Lasoaris
986 3529 1143 3615 cogitavit,
1165 3526 1319 3612 ὑπερβολι-

203 3626 267 3697 κιός
289 3625 424 3709 quidem,
452 3648 558 3712 neque
577 3637 681 3695 temen
696 3630 800 3715 inepte
813 3628 934 3695 loeutus
947 3638 1007 3712 est3
1030 3653 1103 3696 nom
1116 3629 1320 3718 perexiguam

265 3864 286 3928 ¹)
303 3853 341 3914 οι.
361 3851 528 3918 sehm‘fler.
547 3884 573 3933 p.
592 3869 643 3917 ιοο
661 3883 699 3932 sq.
738 3868 829 3932 mne,
850 3869 920 3925 emi.
942 3872 974 3919 ιο
993 3887 1019 3935 p.
1040 3870 1100 3925 ιιι,

264 3983 288 4049 2)
306 3984 337 4034 Ιο
361 3985 402 4036 his
429 3988 514 4038 verbis
538 3986 605 4037 haee
628 3987 683 4038 sola
701 3988 831 4037 sententia
858 3988 942 4040 inesse
962 3994 1060 4054 potest:
1088 3966 1230 4039 Theodosii
1246 4004 1318 4053 opus,

304 4086 460 4137 quamquam
482 4072 620 4137 epitomem
638 4077 739 4122 tentum
759 4073 924 4135 Catholicae,
949 4078 1037 4125 tamen
1061 4074 1188 4140 et1psum
1207 4078 1249 4125 sat
1265 4090 1319 4124 am-

304 4156 376 4221 plum
395 4173 451 4209 esse
468 4158 597 4222 volumem
616 4175 772 4224 quemquam
790 4159 856 4208 illud
873 4156 899 4209 τό
916 4178 941 4211 τε
959 4167 1062 4230 μῆκος
1051 4156 1157 4227 ἐφύλαξε
1175 4161 1238 4211 mire
1255 4176 1319 4211 sane

302 4241 355 4292 diet
344 4246 400 4292 tum
419 4248 467 4293 est.
