3009 4709
4 4333 9 4356 t

713 345 756 426 tl

658 438 810 451 vavvwm

166 549 327 642 'Oetaeum
349 571 427 642 duos
446 570 542 640 libros
566 572 619 656 qui
637 582 734 657 agunt
747 572 814 655 aspi
824 572 973 658 ρονήροος
982 570 1094 648 λέξεως
1109 595 1173 639 non
1184 555 1294 642 ecdem

178 685 319 759 ternpore
330 673 429 739 editos
440 694 507 738 esse
520 695 560 738 ex
579 672 640 750 hoc
653 673 765 742 efficio.
787 673 827 739 In
838 674 938 741 altero
949 673 1028 741 libro
1040 674 1078 741 de
1093 674 1294 762 praepositio·

177 774 269 839 nibus
290 771 474 857 quibusdam
493 770 694 844 ‚Herodianus
717 775 800 859 agit3
822 774 907 838 cuius
927 773 973 840 rei
996 797 1119 838 calisam
1140 775 1206 862 ipse
1222 798 1294 862 pro·

177 871 290 937 sertin
312 872 448 938 eiusdem
470 870 539 937 libri
560 873 749 958 praefatione
771 880 816 959 (p.
839 875 889 954 29,
910 874 961 951 9):
984 871 1046 938 ἐπεὶ
1067 872 1102 938 δέ
1122 896 1199 948 τινες
1221 873 1294 938 ἐπε-

179 965 315 1057 (imeae,
338 968 362 1034 ai
383 971 502 1035 δὸναπαι
522 970 555 1035 τὸ
577 973 694 1042 τοιοῦτο
716 967 796 1045 εἶδος
817 975 866 1037 καὶ
888 971 918 1036 ἐν
948 970 1122 1056 προθέσεσιν
1152 971 1291 1059 ὀφθῆναι,

177 1070 254 1135 κατὰ
274 1074 362 1136 τοῦτο
385 1069 541 1153 ἐπειράθην
564 1068 665 1152 ὀλίγας
685 1068 842 1153 προθέσεις
864 1069 978 1153 ἐλέγξαι
1006 1071 1035 1136 ἓν
1058 1071 1130 1137 εἴδει
1160 1074 1214 1138 τινὶ
1235 1097 1293 1156 ρο-

178 1174 288 1255 νήροος
309 1168 512 1253 ὑπαρχοόσοις.
556 1169 604 1236 Ec
628 1180 730 1236 autem
751 1182 909 1259 tempore,
943 1195 1004 1258 quc
1024 1173 1161 1260 priorem
1181 1172 1295 1239 librum

179 1270 291 1352 edidit,
323 1268 363 1336 de
394 1263 655 1356 praepositionum
682 1270 790 1339 formis
818 1272 975 1358 disputare
1004 1293 1022 1334 a
1049 1272 1208 1360 proposito
1238 1296 1294 1338 suo

179 1370 312 1438 alienum
340 1390 408 1437 esse
433 1378 596 1455 putaverat
626 1370 671 1451 (5,
700 1371 754 1437 25.
779 1371 830 1452 27,
852 1372 918 1447 25).
961 1370 1056 1438 Unde
1084 1373 1292 1458 consequitur,

178 1481 248 1556 post
269 1470 385 1536 editum
407 1469 531 1536 demum
551 1469 664 1535 librum
684 1472 821 1556 priorem
841 1469 1056 1538 Herodianum
1076 1474 1294 1558 interrogatio·

178 1590 218 1634 uc
237 1569 458 1654 discipulorum
478 1580 655 1654 permotum
676 1593 760 1651 esse,
784 1580 818 1636 ut
839 1594 858 1635 a
877 1570 1006 1638 consilio
1028 1596 1084 1639 suo
1107 1573 1293 1654 discederet,

177 1670 337 1734 Tractavit
358 1677 460 1733 autern
481 1670 585 1755 priore
606 1667 687 1740 libro
709 1692 760 1735 eas
782 1678 900 1735 tantum
922 1669 1061 1755 μονήρεις
1088 1670 1193 1753 λέξεις,
1215 1696 1295 1759 quac
1390 1662 1393 1666 Δ

178 1769 362 1836 nouaclum
384 1770 546 1855 prioribus,
568 1768 738 1837 sedetiam
760 1770 821 1833 suis
843 1771 1032 1857 temporibus
1051 1782 1138 1838 erant
1156 1774 1294 1856 usitatae,

178 1868 278 1935 altero
306 1870 480 1955 promiscue
508 1879 675 1953 utrumque
708 1883 818 1954 genua.
862 1870 970 1956 Atque
997 1871 1028 1935 in
1058 1883 1190 1958 utroque
1216 1874 1295 1939 libro

176 1970 316 2060 primum
335 1969 438 2034 locum
459 1969 600 2042 obtinent,
619 1969 762 2051 nomina,
784 1969 954 2038 meandum
976 1973 1086 2054 verba,
1116 1974 1240 2040 tertium
1262 1975 1294 2038 in

87 2097 89 2104 ·
177 2071 283 2158 priore
305 2069 467 2149 adverbia,
501 2070 534 2133 in
563 2068 662 2135 altero
686 2070 950 2156 praepositiones,
983 2093 1059 2156 quas
1076 2072 1230 2138 adverbia
1249 2093 1294 2137 se·

178 2180 325 2256 quantur.
348 2168 498 2236 Ceterum
518 2171 553 2234 in
571 2169 702 2254 singulis
724 2170 871 2258 capitibus
895 2171 1075 2255 digerendis
1096 2170 1294 2240 Herodianus

177 2270 320 2336 ordinem
341 2292 406 2335 neu
426 2269 577 2350 adhibuit,
597 2271 656 2336 nisi
678 2270 761 2355 quod
781 2271 940 2337 interdum
959 2273 1078 2338 formae
1095 2274 1226 2344 duorum
1243 2286 1295 2346 aut

179 2370 312 2453 plurium
334 2369 571 2452 vocabulorum,
605 2392 686 2455 quae
713 2370 817 2456 aliquo
845 2370 938 2438 modo
968 2373 1187 2455 grammaticae
1213 2373 1291 2439 ratio

180 2468 289 2553 iungit,
307 2492 368 2534 una
389 2470 592 2557 explicantur,
619 2469 705 2536 velut
723 2469 829 2552 γουνὸς
850 2482 882 2537 et
907 2472 1016 2554 δουρός
1043 2497 1074 2559 p.
1104 2474 1155 2555 34,
1184 2472 1292 2558 Ῥᾶρος

181 2579 213 2634 et
232 2573 328 2652 φᾶρος
348 2591 379 2656 ρ.
402 2568 450 2650 35,
472 2568 617 2651 κρείσσων
638 2568 740 2653 ἥσσων
769 2568 894 2653 ἀμείνων
923 2569 1032 2654 χείρων
1059 2573 1195 2653 rhoecus
1226 2575 1300 2656 μεί-

180 2671 238 2743 ζων
259 2694 289 2758 ρ.
310 2672 352 2737 40
371 2693 428 2756 sq,
449 2668 515 2735 ἐσσί
542 2680 573 2736 et
599 2668 640 2745 εἴς
665 2692 696 2755 ρ.
725 2670 776 2740 44.
820 2669 910 2749 Quae
941 2672 1084 2738 sumita
1110 2672 1174 2740 sint
1198 2683 1291 2760 atque

177 2771 386 2852 omniafere,
419 2792 499 2856 quae
526 2770 560 2834 in
585 2768 663 2835 libro
689 2781 798 2836 nostro
825 2780 1015 2852 tractantur,
1044 2772 1137 2837 etiam
1163 2774 1197 2838 in
1225 2774 1292 2838 aliis

175 2869 311 2956 scriptis,
342 2868 508 2957 praecipua
533 2870 565 2935 in
587 2869 763 2950 Catholica,
796 2870 835 2935 ab
857 2869 1037 2953 Herodiano
1069 2872 1163 2938 modo
1194 2873 1292 2942 fusius

175 2969 269 3035 modo
302 2969 425 3037 brevius
455 2968 596 3055 exposita
622 2990 692 3037 esse
724 2980 886 3057 appareat,
917 2971 999 3038 liber
1026 2972 1174 3057 paulatim
1205 2981 1291 3048 ortus

174 3089 241 3135 csse
263 3069 386 3135 videtur
407 3069 627 3162 recollectione
656 3093 761 3138 aarum
789 3070 968 3136 vocularum
981 3072 1023 3153 ¹),
1045 3095 1137 3158 quas,
1166 3094 1237 3138 cum
1257 3074 1291 3138 in

173 3169 434 3238 accuratissimum
455 3168 596 3236 Graecae
616 3168 744 3254 liuguae
763 3170 897 3234 studium
917 3171 1123 3251 incumberet,
1154 3166 1291 3258 μονήρεις

173 3286 241 3334 csse
262 3268 425 3335 intellexit.
466 3268 547 3336 Eam
567 3269 663 3353 igitur
683 3269 899 3338 collectionem
926 3271 961 3336 in
989 3272 1066 3338 duas
1091 3284 1196 3359 partes
1216 3274 1291 3348 divjf

173 3389 240 3432 sam
261 3379 331 3454 post
351 3368 450 3435 editos
477 3391 594 3453 magna
615 3391 710 3453 opera
741 3369 780 3438 de
799 3370 962 3455 prosodiae
996 3380 1027 3437 et
1048 3373 1290 3460 orthographiae

172 3469 296 3551 legibus
328 3469 498 3553 composita
525 3468 686 3536 seirmctim
707 3469 824 3550 emisit,
856 3470 967 3536 additis
994 3473 1235 3558 praefationibus
1260 3483 1292 3538 et

108 3621 116 3632 ,
174 3566 315 3653 epilogis,
336 3577 499 3654 poetarum
519 3569 765 3655 scriptorumque
785 3569 872 3651 locis,
893 3592 1033 3640 necnon
1053 3572 1090 3637 iis
1110 3575 1288 3656 canonibus,
1361 3564 1365 3569 ’

174 3687 192 3731 e
222 3667 333 3752 quibus
362 3666 506 3751 μονήρεις·
526 3690 593 3735 esse
620 3688 711 3734 voees
738 3669 808 3734 illas
836 3667 980 3740 eluceret.
1022 3671 1121 3737 Nobis
1148 3672 1223 3737 duas
1249 3675 1290 3740 ob

173 3788 278 3832 causas
300 3767 406 3853 magni
425 3770 514 3854 pretii
537 3779 584 3835 eat
604 3767 697 3851 liber,
726 3778 758 3835 et
786 3780 913 3857 propter
942 3771 1101 3857 copiosum
1131 3772 1290 3841 doctrinae

173 3877 370 3954 apparatuum,
401 3878 432 3934 et
454 3871 528 3956 quia
548 3892 589 3935 ex
608 3892 651 3936 eo
668 3870 831 3952 discimus,
861 3871 958 3957 qualis
979 3872 1071 3940 fuerit
1092 3897 1166 3940 vera
1186 3868 1287 3941 Herc-

173 3966 355 4034 diancorum
375 3968 559 4053 scriptorum
587 3967 737 4034 indoles‘
760 3969 864 4055 Ipsam
894 3980 996 4038 autem
1024 3973 1194 4053 rationem,
1227 3998 1288 4061 qua

176 4159 479 4170 *a*

234 4281 253 4351 ¹)
270 4296 355 4348 neque
372 4298 432 4334 varo
450 4283 573 4347 omnium,
592 4283 626 4338 cf.
641 4280 678 4336 lat
696 4300 730 4337 m.
747 4285 789 4347 63,
812 4286 851 4339 18.
871 4286 914 4349 66,
933 4287 974 4338 35.
1007 4284 1099 4338 Choar.
1118 4303 1145 4352 p,
1165 4286 1223 4351 374,
1245 4291 1285 4349 14,
