3009 4709
218 538 374 621 gomanis,
388 557 481 624 ¹quaa
513 538 632 604 dictatis
663 540 695 602 in
716 538 884 604 Theodosii
912 561 1045 606 canones
1065 540 1231 625 praemisit,
1253 541 1330 606 hacc

217 646 321 701 autem
352 638 575 723 prolegomena
604 648 635 703 et
662 639 693 702 in
722 639 828 703 codice
857 637 1061 722 προλεγὸμενα
1085 641 1141 703 τῶν
1164 641 1327 706 Θεοδοσίου

218 733 397 818 ὀνοματικῶν
432 738 636 802 inscribantur
664 747 695 802 et
722 739 762 802 ah
791 737 858 823 ipso
890 738 1093 821 προλεγόμενα
1111 745 1168 803 τῶν
1195 740 1329 803 κανόνων

216 836 427 922 appellentur,
463 840 560 904 multo
589 838 656 903 veri
684 836 813 901 similius
836 860 902 903 esse
923 837 1055 920 videtur,
1078 839 1329 905 Choerohoscum
1448 885 1451 896 ·

216 957 271 999 sna
298 936 391 1021 ipsius
419 938 641 1024 prolegomena
668 937 785 1016 dicere,
807 938 917 1022 quihus
939 937 1154 1003 adnotationes
1175 939 1206 1002 in
1229 938 1330 1005 Hero-

217 1034 298 1099 diani
320 1037 443 1122 regulas
463 1038 502 1103 de
524 1038 699 1103 nourinihus
726 1038 888 1116 instruxit3
911 1060 982 1101 nam
1004 1060 1075 1101 eum
1097 1060 1132 1102 re
1152 1060 1227 1103 vera
1248 1062 1330 1103 com-

216 1137 383 1202 mesenes
414 1137 445 1200 in
474 1136 690 1203 Herodianum
718 1137 874 1223 scripsisse
896 1136 985 1204 docet
1006 1137 1185 1202 Eustathius
1213 1139 1253 1203 ad
1291 1139 1329 1203 ss.

214 1236 289 1324 Bp.
314 1235 383 1318 276,
407 1237 464 1317 43;
486 1239 523 1303 of.
547 1237 587 1301 ad
611 1236 673 1303 Od0
696 1238 716 1298 θ
737 1259 766 1321 p.
789 1237 859 1317 313,
886 1237 931 1300 10.

276 1334 328 1401 De
350 1335 527 1402 Onomatici
558 1337 687 1406 consilio
715 1358 751 1399 ac
773 1337 893 1402 ratione
913 1338 1012 1423 probe
1032 1338 1230 1406 sciremus'si
1250 1339 1330 1406 fides
1404 1405 1407 1412 ,

215 1434 361 1499 habenda
388 1448 467 1502 essct
494 1436 666 1504 Lubberto.
714 1435 746 1500 Is
781 1438 863 1501 enim
882 1438 1053 1523 proposuit,
1076 1438 1283 1506 Onomaticon
1312 1464 1331 1503 a

216 1533 436 1601 Choerobosco
463 1536 496 1599 in
527 1539 693 1624 epitomem
729 1558 796 1602 csse
831 1537 991 1602 redactam
1019 1562 1098 1625 quae
1127 1540 1160 1603 in
1186 1540 1330 1605 editionis

215 1616 452 1704 Gaisfordiinae
481 1660 511 1724 p.
545 1638 685 1704 26-88
718 1647 854 1701 exstaret
882 1638 996 1714 (rhein.
1025 1639 1105 1706 Mus.
1132 1639 1165 1704 11
1189 1662 1220 1725 p.
1241 1641 1329 1722 441).
1353 1696 1356 1698 .

214 1733 297 1817 Sed,
326 1748 361 1800 ut
390 1739 464 1802 mihi
493 1736 618 1822 quidem
641 1738 780 1818 videtur,
802 1738 863 1803 hoc
883 1738 993 1804 falsum
1015 1749 1065 1805 est
1087 1750 1118 1806 et
1140 1741 1330 1823 argumentis

117 1880 120 1884 -
214 1844 305 1898 caret.
349 1835 391 1902 Et
411 1838 546 1923 primum
560 1838 695 1924 quidem,
715 1839 741 1903 si
765 1839 804 1903 de
819 1849 944 1903 auctore
965 1848 1111 1902 tractatam
1132 1837 1213 1902 illius
1235 1861 1328 1925 quae-

214 1932 317 2017 rimuS,
339 1931 509 2001 videndum
530 1949 585 2019 est,
607 1961 681 2004 num
709 1939 811 2004 codex
832 1939 1052 2021 Coislinianus,
1075 1960 1167 2025 quam
1189 1937 1329 2007 Gaisfor·

215 2033 283 2100 dius
310 2035 445 2101 editione
474 2062 530 2102 sua
556 2038 640 2125 typis
669 2039 908 2126 exprimendum
929 2040 1056 2120 curavit,
1079 2041 1119 2104 de
1137 2040 1196 2104 hac
1216 2064 1252 2108 re
1274 2064 1329 2106 nos

214 2135 360 2201 certiores
388 2137 488 2202 iaciat.
542 2140 648 2225 Atque
677 2142 702 2204 is
737 2163 808 2203 cum
834 2138 865 2202 in
887 2138 974 2204 initio
1009 2138 1225 2206 Choerobosci
1259 2136 1327 2228 pro

213 2237 378 2322 legemena
410 2238 442 2303 in
472 2238 584 2303 dictata
613 2241 739 2320 habeat,
769 2242 836 2326 ipsa
857 2238 970 2303 dictata
991 2240 1069 2306 haec
1087 2262 1151 2305 non
1173 2239 1273 2303 statim
1293 2263 1322 2324 p

216 2337 254 2401 19
277 2337 381 2420 (ταῦτα
402 2338 511 2421 ἔχομεν
530 2337 619 2404 εἰπεῖν
641 2339 671 2403 ἐν
692 2337 934 2423 προλεγομένων)
958 2339 1131 2425 excipiunt,
1158 2339 1215 2404 sed
1237 2362 1266 2425 p.
1287 2338 1326 2403 88

214 2437 339 2502 demum
356 2449 537 2524 sequuntur.
580 2439 655 2506 Post
686 2440 912 2526 prolegomena
933 2450 1036 2504 autem
1057 2435 1192 2525 primurn
1215 2439 1329 2523 legitur

212 2536 332 2602 initium
371 2539 470 2603 libelli
499 2538 626 2605 Ioannis
668 2540 817 2606 Characis
858 2539 897 2604 de
932 2538 1115 2604 inclinandis
1153 2539 1329 2605 accentibus

213 2637 256 2723 (p.
282 2639 422 2705 ta-ar.
456 2641 535 2704 1149
555 2661 601 2725 sq.
623 2639 759 2720 Bekk.);
783 2649 858 2719 tum,
881 2651 1046 2725 postquam
1068 2651 1207 2705 extrema
1227 2639 1329 2724 proie-

213 2760 372 2821 gomcnon
394 2739 545 2826 particula
567 2740 697 2824 repetita
719 2750 766 2804 est
788 2741 834 2824 (p.
851 2739 888 2804 21
902 2741 972 2825 sq),
993 2748 1140 2805 tractatus
1158 2738 1211 2804 ille
1233 2760 1327 2823 quem

212 2836 389 2904 hiibbertus
419 2840 493 2904 dicit
518 2842 668 2926 sequitur.
722 2841 868 2926 Apparet
898 2839 1006 2924 igitur,
1035 2860 1125 2918 cum,
1159 2841 1184 2908 si
1214 2838 1329 2904 codicis
1384 2887 1389 2898 s

211 2939 426 3004 auctoritatem
448 2939 635 3027 respicimus,
657 2941 712 3004 vix
727 2939 844 3006 maiore
864 2941 931 3005 iure
954 2962 1047 3026 quam
1070 2939 1223 3005 Characis
1242 2938 1330 3006 libel-

211 3036 277 3101 lum
309 3038 527 3105 Choeroboseo
555 3037 677 3103 attribui
699 3061 798 3125 posse.
864 3039 1036 3105 Praeterea
1065 3049 1178 3104 autem
1201 3061 1241 3104 nc
1273 3038 1330 3103 mi·

213 3138 327 3202 nimam
358 3138 482 3224 quidem
512 3139 737 3225 probabilitatis
760 3138 894 3224 speciem
916 3140 1020 3219 habet,
1040 3139 1140 3204 ulium
1160 3140 1329 3220 hominem,
1398 3199 1401 3204 .

213 3238 306 3303 etiam
339 3239 574 3322 grammaticum
596 3239 807 3324 Byzantinum
843 3239 922 3319 dico,
950 3238 1030 3302 inter
1051 3239 1276 3325 prolegomena
1299 3248 1331 3305 et

212 3338 315 3425 ipsum
349 3337 504 3422 quoddam
538 3361 615 3424 opus
648 3340 710 3406 alia
741 3340 958 3423 interponere,
991 3339 1018 3414 si
1044 3338 1193 3404 maiorem
1224 3360 1330 3404 corum

214 3446 332 3523 partem
361 3438 394 3502 in
426 3459 520 3525 opere
548 3439 735 3525 repetiturus
765 3441 804 3504 sit
836 3449 866 3502 et
897 3437 1124 3523 prolegomena
1144 3461 1214 3503 cum
1237 3460 1331 3524 opere

215 3539 368 3604 artissime
392 3540 579 3605 cohaereant
604 3542 643 3622 ¹).
739 3573 743 3578 ·

277 3638 390 3725 Neque
410 3661 485 3704 vero
506 3639 637 3703 multum
650 3649 756 3705 nostra
771 3639 876 3719 refert,
899 3638 969 3724 quis
984 3638 1024 3700 sit
1038 3636 1234 3723 epitomator,
1257 3639 1331 3703 dum

214 3739 308 3805 modo
339 3763 374 3806 re
403 3763 477 3805 vera
504 3761 562 3825 pro
589 3740 725 3826 epitoma
747 3738 924 3805 Onomatici
951 3736 1073 3812 libellus
1101 3737 1141 3803 sit
1161 3737 1331 3823 habendus.

212 3840 282 3905 Iam
303 3841 413 3927 igion,
441 3852 475 3905 ut
496 3864 515 3904 a
537 3839 708 3907 levioribus
728 3838 891 3925 incipiam,
925 3837 958 3902 id
980 3836 1146 3904 oblivionis·
1163 3839 1263 3924 potius
1285 3845 1333 3903 est

214 3963 309 4025 quam
330 3942 454 4024 erroris,
477 3941 562 4027 quod
573 3941 754 4008 Liibbertus
774 3940 861 4026 quasi
883 3939 923 4014 de
945 3948 1012 4005 toto
1025 3938 1210 4006 Onomatieo
1232 3938 1332 4023 loqui-

213 4051 280 4108 tur:
301 4043 449 4110 maiorem
471 4043 536 4109 cius
557 4052 675 4129 partem
700 4042 806 4116 dicere
828 4040 951 4121 debuit3
972 4062 1057 4122 uem,
1078 4041 1105 4106 si
1125 4062 1224 4127 pauca
1235 4061 1333 4124 quae

277 4258 285 4285 ¹
312 4256 350 4307 cf.
371 4274 396 4323 p.
419 4257 458 4318 18,
476 4258 509 4304 ai
528 4250 611 4326 ἐπειδὴ
633 4250 658 4306 δὲ
677 4248 799 4303 κανόνων
816 4247 983 4321 εἰσαγωγικῶν
1001 4247 1126 4318 μέλλομεν
1147 4246 1278 4319 ἄρχεσθαι.
