3009 4709
166 576 323 657 διαστολῆς
344 595 453 660 genus,
483 572 565 655 quod
593 570 690 637 altero
719 571 864 656 exemplo
890 570 1064 657 significavi
1095 570 1192 653 (ouius
1213 593 1284 658 pro·

164 678 265 765 prium
295 694 409 739 nomen
440 667 572 735 διάλυσιν
604 672 668 736 sive
689 669 853 754 παράθεσιν
881 670 974 738 trisse
1005 670 1149 738 Lentzius
1170 694 1200 759 p.
1226 672 1285 736 114

166 777 305 857 adnotat)
334 776 366 839 iu
387 782 492 838 nostro
506 847 510 852 ⁴
524 771 602 840 libro
624 770 708 856 leges
731 772 771 835 ad
792 772 970 837 uuiversrun
990 780 1161 857 spectantes
1190 769 1284 835 conti-

165 886 258 940 nente
278 875 380 939 locum
401 871 544 936 habuisse
564 870 704 953 videtur,
733 893 803 934 oum
824 873 910 957 prius
940 869 1102 954 (διάστασις
1122 871 1186 935 sive
1208 869 1285 934 διαί-

169 975 261 1058 ρεσις)
290 973 378 1046 certis
407 970 535 1055 quidem
555 970 630 1036 loeis
650 971 762 1034 summi
783 972 822 1034 sit
842 969 990 1036 momenti
1012 977 1058 1047 (et
1078 970 1111 1034 in
1127 959 1286 1036 'prosodia

167 1075 265 1139 Iliaca
285 1073 324 1136 de
344 1072 456 1136 talibus
477 1068 550 1134 loeis
571 1089 791 1152 nonnunquam
809 1070 911 1154 agit-ur
926 1072 973 1153 ¹),
1003 1094 1022 1134 a
1039 1071 1161 1156 legibus
1183 1079 1285 1135 autem

168 1174 338 1241 abhorreat.
381 1172 422 1235 In
455 1192 491 1235 eo
527 1179 630 1235 autem
660 1168 809 1235 Lentzius
838 1170 951 1234 mirum
986 1179 1133 1254 quantum
1168 1189 1287 1234 errasse

170 1273 244 1337 milri
261 1271 397 1351 videtur,
419 1270 502 1353 quod
522 1279 630 1334 nestro
650 1269 721 1334 looo
744 1270 903 1354 διαστολῆς
932 1269 1084 1334 vocabulo
1110 1270 1287 1354 interpunc-

168 1372 286 1436 tionem
317 1389 440 1453 quoque
469 1368 617 1435 contineri
645 1367 736 1450 ‹licit3
766 1355 823 1434 nec
856 1371 928 1434 satis
960 1370 1117 1456 intellego,
1152 1368 1227 1451 quid
1248 1367 1287 1432 ad

93 1503 103 1529 ο
169 1471 438 1536 hauoseutentiam
448 1467 707 1556 comprobandam
718 1470 803 1534 locus
815 1494 832 1536 e
843 1469 992 1536 Prosedia
1005 1470 1042 1534 Il.
1054 1470 1130 1534 edil
1153 1469 1192 1533 63
1213 1470 1287 1533 alla·

171 1570 339 1643 tusvaleat
368 1568 586 1635 Herodianum
609 1569 691 1634 euim
713 1572 746 1634 in
768 1570 922 1638 Prosodin
943 1571 1112 1636 Homerica
1132 1570 1172 1634 de
1193 1569 1287 1634 inter-

169 1669 335 1757 punctione
354 1671 440 1752 quasi
462 1669 624 1756 prosodiae
644 1679 733 1754 parte
756 1670 867 1754 egisse,
897 1672 969 1736 iude
991 1694 1054 1735 nou
1075 1670 1288 1752 consequitur3

172 1770 211 1835 de
233 1789 293 1851 qua
323 1791 358 1834 re
379 1791 473 1856 supra
499 1769 542 1855 (p.
565 1769 598 1852 8)
623 1768 697 1834 dixi.
741 1769 777 1837 Si
800 1781 903 1835 autem
937 1770 968 1835 id
990 1781 1108 1835 tantum
1142 1770 1288 1834 Lemnius

170 1869 204 1934 in
231 1872 410 1933 universum
446 1870 649 1954 comprobare
695 1869 773 1950 vult,
805 1892 884 1960 voce
902 1909 905 1918 ,
923 1869 975 1935 illa
1006 1870 1289 1957 interpunctionem

171 1988 298 2050 quoque
320 1963 489 2051 significari
520 1990 621 2055 posse,
652 1968 691 2032 ud
714 1979 853 2033 nostram
885 1972 1093 2052 quaestionem
1121 1969 1198 2034 nihil
1219 1990 1288 2054 pro·

171 2069 278 2147 λιτὴ)
309 2085 412 2149 neque
445 2066 658 2134 enimomnes
692 2069 851 2153 διαστολῆς
877 2069 1020 2135 vocabuli
1049 2069 1288 2156 significationes

173 2167 235 2231 huc
264 2167 421 2251 pertinere
459 2185 584 2234 neeesse
618 2177 673 2234 est
717 2168 856 2235 Omnino
892 2180 1004 2253 autem,
1035 2169 1061 2233 si
1092 2193 1160 2235 rem
1191 2160 1289 2254 ipsam

168 2276 354 2352 spectamus,
376 2267 505 2332 minime
532 2279 579 2333 est
596 2259 771 2354 probabile,
807 2267 1020 2334 Herodianum
1048 2268 1079 2332 in
1101 2289 1138 2334 eo
1167 2269 1207 2333 de
1229 2288 1289 2350 quo

169 2366 292 2448 agimus
313 2365 394 2430 libro
417 2368 533 2449 (quem,
554 2367 579 2430 si
601 2389 665 2432 uon
685 2378 809 2455 partem
838 2369 1007 2435 Prosediae
1040 2367 1226 2448 Catholicae,
1259 2378 1290 2433 at

170 2472 258 2529 certe
278 2481 372 2545 quarn
393 2465 546 2533 artissime
566 2489 637 2532 curn
657 2488 696 2532 ea
716 2470 914 2533 coniunctum
943 2467 1036 2533 fuisse
1057 2469 1166 2548 oleret)
1197 2467 1289 2532 inter·

94 2621 95 2624 ,
171 2562 346 2649 punctionis
368 2563 522 2629 rationem
543 2565 695 2634 habuisse.
738 2568 852 2652 Neque
875 2571 959 2635 enim
981 2578 1091 2632 eatam
1105 2589 1197 2653 saepe
1218 2589 1288 2631 eum
1344 2565 1359 2588 ·’

171 2661 319 2749 prosodia
347 2666 518 2752 necessario
545 2668 709 2733 coniuncta
737 2679 869 2756 apparet
897 2687 990 2751 quam
1017 2666 1098 2750 πάδη
1124 2686 1228 2750 neque
1248 2668 1288 2732 ab

171 2763 237 2827 ullo
260 2780 355 2844 quem
376 2764 503 2829 memini
524 2768 739 2849 grammatico,
762 2789 831 2833 oum
854 2769 893 2832 de
908 2763 1184 2855 prosodiisagitur‚
1206 2791 1289 2832 oom-

174 2871 379 2944 memoratum
401 2866 520 2934 accedit
537 2867 630 2949 quod,
652 2870 678 2932 si
696 2868 905 2951 Herodianus,
928 2889 989 2951 quo
1004 2867 1141 2934 omnium
1154 2867 1290 2933 maxime

156 2962 375 3058 *posteriorum
397 2974 569 3049 temporum
592 2969 787 3052 grammatici
808 2969 983 3051 utebantur,
1011 2968 1289 3054 interpunctionem

173 3069 344 3143 tractasset,
366 3085 556 3151 magnopere
579 3077 661 3132 esset
681 3068 864 3149 mirandum,
886 3067 1007 3132 nullum
1028 3092 1065 3132 ec
1078 3090 1118 3133 ue
1129 3065 1290 3130 minimum

176 3159 300 3238 quidem
320 3163 487 3248 vestigium
509 3164 601 3230 huius
623 3164 784 3234 doetrinae
804 3169 844 3232 ad
866 3179 1004 3233 nostram
1025 3177 1156 3233 aetatem
1182 3187 1290 3253 perve-

175 3258 265 3323 nisse.
285 3297 326 3309 -
346 3264 536 3345 Σοναλοιφῶν
557 3287 633 3330 voce
654 3267 691 3330 id·
707 3268 877 3352 significari
900 3269 984 3350 quod
1008 3269 1150 3348 διαστολῇ
1168 3267 1290 3354 opposi-

173 3366 240 3421 tum
266 3359 315 3441 sit,
346 3361 387 3427 Α,
416 3361 607 3430 Schmidtius
636 3365 769 3446 (Ztsohr.
799 3368 822 3431 f.
852 3368 881 3435 d.
905 3369 994 3435 GW.
1024 3369 1062 3432 15
1093 3390 1123 3454 p.
1153 3365 1227 3447 349)
1260 3375 1291 3429 ct

172 3457 319 3524 Lentulus
340 3461 372 3543 (l.
394 3484 419 3526 ο.
441 3485 472 3548 p.
497 3466 568 3548 114)
588 3465 742 3532 viderunt
786 3468 896 3532 Aede
917 3486 1049 3550 quanam
1076 3467 1218 3545 διαστολῇ
1240 3465 1291 3530 hic

173 3557 374 3641 cogitandrun
393 3561 442 3641 sit,
465 3562 547 3645 diri3
569 3566 619 3629 oui
632 3567 802 3654 respondet
821 3569 854 3632 id
874 3569 959 3649 quod
973 3568 1173 3634 Herodianus
1194 3566 1290 3632 semel

174 3654 338 3738 συνάπτειν,
374 3661 557 3748 plerumque
592 3662 646 3748 ὑφ’
667 3664 698 3730 ἓν
734 3664 943 3749 ἀναγινώσκειν
984 3667 1087 3733 verbis
1120 3666 1291 3753 significem

174 3755 259 3818 cuius
290 3754 406 3831 πάθους
432 3773 505 3827 notu
526 3789 544 3830 a
564 3768 785 3853 posterioribus
812 3768 1020 3853 grammaticis
1047 3767 1184 3832 adhibita
1216 3762 1289 3847 ὁφὲν

174 3853 388 3940 appellabatur
399 3859 437 3942 ²).
458 3862 623 3934 Praeterea
643 3891 714 3933 cum
730 3891 767 3936 ea
779 3868 909 3935 duorum
924 3868 1144 3933 vocabulorum
1165 3864 1290 3947 iunctio,

176 4031 482 4049 Μαι-ιιι...

236 4146 255 4214 1)
276 4148 316 4204 Of.
335 4148 405 4200 locos
423 4166 448 4215 p.
472 4151 486 4199 7
505 4150 568 4205 adn.
587 4151 691 4203 allatos.
1105 4197 1113 4212 Ι

235 4265 260 4333 ²)
278 4268 364 4324 Bekk.
380 4270 430 4320 An.
452 4288 477 4337 p.
495 4272 556 4334 674,
573 4272 589 4321 8
607 4266 672 4339 ὑφὲν
690 4269 723 4327 ὡς
741 4267 925 4339 τοασιμὲλοοσα)
944 4273 971 4321 et
986 4269 1025 4319 ite
1041 4283 1129 4335 saepe.
