3009 4709
674 337 770 440 -.41
822 430 825 436 .

191 565 410 644 iureconstat‚
438 564 589 645 quaedam
609 560 788 643 afferuntur,
821 581 900 643 quae
923 562 961 625 ad
985 560 1222 627 declinationem
1243 581 1305 625 non

190 664 349 752 pertinent
371 664 498 748 (Circen.
523 687 552 750 p.
575 664 644 746 269,
668 664 696 727 9.
719 664 790 744 367,
813 661 863 727 28.
885 662 956 741 713,
981 664 1042 746 18).
1086 659 1304 747 Appellatiooe

190 768 257 849 aspi
286 765 414 837 κλίσεως
443 763 594 846 ὀνομάτων
627 764 718 830 etiam
748 763 925 850 Stephanus
946 761 1115 849 Byzantius
1136 762 1232 825 utitur
1262 760 1305 845 (p.

195 867 262 946 186,
279 866 347 948 15);
370 863 406 929 iis
420 876 524 929 autem
546 866 635 945 loeis,
659 864 769 946 quibus
790 861 982 943 decrescenda
1003 863 1127 945 legitur,
1149 859 1206 925 viri
1223 859 1305 925 docti

203 963 375 1046 ὀνοματικὸν
395 964 462 1027 iure
489 963 731 1040 restituerunt¹l.
761 961 939 1044 ’Ὀνοματικά
967 963 1048 1048 apud
1077 961 1174 1027 schol.
1205 959 1243 1023 Il.
1281 960 1305 1022 Ω

192 1066 253 1131 318
280 1065 422 1150 legimus.
446 1103 486 1113 -
518 1065 604 1130 Ante
626 1062 842 1128 Herodianum
864 1065 1056 1150 scripserunt
1078 1063 1125 1146 (ut
1137 1057 1307 1144 Chrysippi

1000 1175 1010 1227 t
1033 1160 1216 1227 Heraclides
1240 1157 1307 1239 περὶ

194 1262 362 1348 ὀνομάτων,
395 1265 500 1329 Draco
527 1262 593 1344 περὶ
621 1261 682 1326 τῶν
719 1264 795 1328 κατά
818 1266 954 1346 συζυγίαν
977 1261 1140 1345 ὀνομάτων,
1175 1260 1306 1345 Trypho

194 1377 226 1431 et
247 1364 431 1451 Apollonius
453 1365 612 1448 complura.
633 1364 671 1427 dc
694 1366 753 1429 hoc
776 1376 959 1450 argumento
982 1386 1089 1452 opera.

133 1451 136 1460 ’
257 1464 403 1531 Servatus
424 1466 512 1530 nobis
541 1474 587 1531 est
614 1475 761 1529 tractatus
790 1466 1001 1547 brevissimus,
1036 1464 1121 1529 euius
1149 1460 1307 1547 inscriptio

194 1575 240 1631 est
270 1565 391 1649 ἐπιτομὴ
422 1570 479 1628 τῶν
502 1562 654 1646 ὀνομάτων
687 1565 762 1650 (leg.
796 1563 985 1649 ὀνοματικῶν)
1018 1565 1151 1628 κανόνων
1185 1561 1218 1626 ἐκ
1251 1565 1307 1624 τῶν

190 1667 378 1749 Ἠρωόιανοό
390 1665 506 1743 (Crem.
529 1665 590 1729 An.
607 1663 669 1730 Ox.
688 1666 708 1728 4
727 1690 758 1750 p.
781 1666 871 1750 333);
894 1665 1020 1751 eiusque
1042 1663 1202 1729 exordium
1221 1661 1308 1726 diffe-

193 1766 316 1846 rentias,
340 1765 451 1846 quibus
472 1765 612 1831 diversae
632 1766 790 1834 nominum
812 1767 923 1830 classes
944 1766 1155 1854 efformautur,
1184 1784 1307 1826 enume-

190 1888 263 1929 rans
285 1887 326 1932 ex
349 1863 526 1931 Onomatici
546 1866 705 1952 prooemio
726 1865 853 1931 fluxisse
875 1864 1023 1931 Lchrsius
1045 1866 1117 1930 satis
1142 1861 1307 1950 probabili·
1379 1903 1382 1912 .

190 1978 239 2031 ter
260 1965 429 2052 suspicatus
451 1976 512 2046 cst3
537 1984 722 2047 quamquam
743 1964 774 2028 id
796 1988 852 2052 pro
874 1977 958 2030 certo
973 1967 1128 2031 affirmare
1144 1963 1306 2030 noluerim.
1331 2019 1333 2024 .

191 2065 310 2131 Maiore
332 2065 518 2129 confidentia
543 2064 581 2127 ad
602 2065 797 2151 prooemium
825 2064 901 2130 illud
929 2068 1032 2132 refero
1062 2065 1145 2148 quod
1169 2063 1307 2129 Chaero-

194 2168 302 2231 boscus
315 2163 410 2230 tradit
432 2164 473 2247 (p.
497 2165 526 2243 7,
553 2165 601 2246 10)
621 2189 627 2229 :
650 2162 677 2228 ei
698 2163 731 2227 δὲ
762 2165 828 2246 περὶ
857 2160 1058 2229 Ἀπολλώνιον
1088 2165 1137 2227 καὶ
1156 2161 1308 2245 Ἡρωδια-

191 2264 312 2328 *uiuaci
331 2263 482 2346 Ῥωμανόν
504 2261 541 2326 τά
563 2260 625 2347 είόη
648 2261 842 2346 προτάττοντα
863 2267 918 2327 τῶν
940 2270 1042 2346 γενῶν,
1071 2259 1132 2327 οἷον
1156 2260 1217 2345 εἴδη
1239 2260 1307 2343 γένη

192 2366 256 2430 κτλ.
298 2363 495 2430 Herodianus
516 2363 626 2448 igitur,
656 2364 746 2428 aliam
777 2387 812 2426 ac
834 2363 1003 2450 Dionysius
1024 2365 1131 2429 Thrax
1156 2362 1308 2427 rationem

193 2473 323 2545 secutus,
345 2466 430 2551 prius
450 2463 517 2545 περὶ
540 2460 633 2542 εἰδῶν,
656 2463 727 2527 dein
749 2462 821 2546 περί
836 2467 925 2544 γενῶν
948 2465 1029 2549 egit3
1058 2464 1142 2527 euius
1173 2463 1216 2526 rei
1240 2484 1308 2524 eau-

194 2587 243 2628 sas
266 2583 415 2646 ecquem
438 2561 528 2626 citavi
550 2562 618 2628 loco
641 2561 876 2628 Chccroboseus
897 2563 1024 2650 profert.
1060 2561 1131 2641 Quo
1153 2583 1226 2626 vero
1248 2561 1307 2626 alio

192 2665 262 2728 leco
282 2663 348 2746 περὶ
376 2667 433 2725 τῶν
455 2662 670 2744 παρεπομένων
699 2667 752 2726 τοῦ
783 2661 926 2746 ὀνόματος
952 2665 1052 2747 coisse
1080 2663 1233 2748 putandus
1261 2671 1308 2726 est

190 2764 249 2828 nisi
270 2764 303 2827 in
324 2762 451 2829 exordio
472 2762 621 2828 librorum
643 2762 709 2846 περὶ
731 2763 911 2845 ὀνομάτων7
959 2763 998 2827 In
1019 2763 1127 2829 eodem
1149 2761 1307 2848 prooemio

190 2863 230 2928 dc
255 2863 298 2937 τίς
324 2862 474 2929 vocabulo
506 2862 722 2927 Herodianum
749 2863 850 2948 egisse
872 2887 889 2928 e
912 2862 1131 2928 Choeroboseo
1162 2872 1205 2948 (p.
1236 2861 1307 2941 281,

194 2964 246 3039 14)
269 2963 484 3048 comperimus.
529 2961 621 3040 Quod
649 2962 715 3027 sine
729 2949 837 3028 ⁴dubio
866 2963 983 3027 nullam
1011 2965 1051 3028 ob
1072 2962 1164 3026 aliam
1186 2983 1307 3025 causam

189 3064 264 3128 fecit
284 3063 342 3126 nisi
365 3063 437 3147 quia
457 3071 587 3141 veteres,
609 3071 713 3125 utrum
733 3062 776 3134 τίς
802 3085 915 3127 nemen
944 3073 1023 3128 esset
1054 3085 1093 3125 an
1125 3083 1306 3147 prenomen,

191 3163 373 3228 dubitabant
394 3162 444 3244 (ei.
466 3161 568 3225 Lehis
589 3161 628 3224 ad
651 3160 735 3225 Mon.
762 3163 807 3243 19,
829 3166 875 3244 1);
897 3163 1010 3227 talibus
1031 3173 1134 3227 autem
1156 3162 1307 3247 quaestio

190 3263 283 3328 nibu's
313 3260 480 3327 tractandis
508 3260 703 3346 prooemium
731 3283 805 3324 sane
834 3261 1007 3346 aptissimus
1032 3262 1119 3327 locus
1146 3271 1221 3327 erat.
1273 3260 1307 3327 Si

191 3362 260 3447 quis
282 3385 356 3427 vero
379 3361 458 3425 illud
480 3381 605 3447 quoque
632 3359 672 3422 ad
694 3358 869 3425 Onomatiei
895 3362 1090 3446 prooemium
1110 3360 1308 3425 referendum

191 3481 260 3527 esse
289 3460 429 3525 statuerit
458 3460 542 3545 quod
564 3458 646 3546 apud
670 3459 923 3525 Choeroboseum
944 3484 974 3547 p.
996 3462 1067 3542 469,
1091 3461 1130 3524 12
1158 3460 1307 3544 legimus:

190 3560 258 3642 περὶ
287 3560 320 3623 δὲ
348 3569 400 3645 της
427 3557 540 3631 τάξεως
569 3556 688 3622 πάντων
718 3564 777 3623 τῶν
810 3567 908 3642 μερῶν
937 3567 990 3624 τοῦ
1011 3561 1111 3641 λόγον,
1141 3561 1183 3624 ἔτι
1206 3559 1240 3623 δὲ
1260 3561 1309 3623 καί

189 3663 258 3743 περὶ
284 3669 342 3745 πης
363 3659 453 3733 αἰτίας
481 3667 534 3744 τῆς
559 3656 727 3741 ὀνομασίας,
753 3659 831 3722 τοῦτ’
864 3661 924 3724 ἔστι
947 3659 996 3724 διὰ
1016 3661 1046 3725 τί
1064 3658 1161 3733 οὕτως
1185 3659 1308 3743 ὀνομά-

192 3765 317 3841 aenaea,
338 3754 399 3822 οἷον
422 3756 571 3823 deiectae
594 3756 688 3840 ὄνομα
708 3756 822 3839 λέγεται
845 3759 938 3841 ὄνομα
960 3758 979 3844 ἢ
1002 3759 1035 3825 τὸ
1058 3757 1138 3845 ῥῆμα
1159 3758 1238 3845 ῥῆμα
1259 3763 1308 3824 καί

191 3857 230 3923 τὰ
250 3857 340 3923 λοιπὰ
361 3857 481 3942 ὁμοίως,
504 3858 535 3922 ἓν
556 3864 618 3931 τοῖς
637 3856 864 3941 προλεγομένοις
887 3865 939 3922 τοῦ
960 3856 1135 3941 ὀνοματικοῦ
1155 3858 1308 3942 Ἡρωδια-

191 3964 244 4023 νοῦ
266 3958 472 4042 μαθησόμεθα,
501 3979 627 4040 vercor‚
659 3969 694 4023 ut
714 3959 792 4023 iure
824 3958 884 4023 hoe
916 3960 1067 4026 statuent.
1122 3960 1203 4026 Cum
1225 3961 1308 4026 enim

192 4058 432 4125 Ohocroboscus
453 4061 645 4146 quaestiones
663 4058 802 4124 eiusdem
823 4059 947 4144 generis
967 4059 1133 4126 instituerit
1153 4060 1185 4123 in
1205 4059 1308 4146 prele-

194 4201 494 4210 --———-—-—-——--

257 4280 274 4348 ¹)
293 4281 386 4334 Checr.
405 4298 432 4347 p.
452 4283 494 4336 35.
513 4284 557 4335 Et.
574 4300 608 4335 m.
631 4285 688 4346 779,
709 4285 749 4335 30.
769 4283 809 4338 cf.
829 4283 1018 4349 Hemsterhuys
1036 4285 1115 4349 prael.
1135 4284 1202 4339 Poll.
1220 4300 1246 4352 μ.
1263 4288 1306 4337 35.
1331 4342 1334 4348 ¹
