3009 4709
694 366 731 444 11

156 594 329 684 comparari
358 592 486 678 quidem
518 598 695 677 potuerunt.
738 587 937 654 Herodianus
971 588 1055 655 enim
1082 611 1147 654 non
1174 590 1274 656 solum

156 717 357 784 quaecunque
397 693 436 756 ad
470 690 648 777 prosodiam
686 688 903 776 pertinuerunt
945 689 1067 753 edocuit
1106 710 1274 774 omnesque

156 797 350 883 quaestiones
380 793 439 855 huc
466 801 639 878 spectantes
670 789 813 875 exposuit
829 789 873 871 ¹),
900 810 1011 854 verum
1037 789 1129 853 etiam
1153 788 1187 852 in
1205 808 1275 871 per·

155 895 324 960 multarum
344 892 523 957 vocularum
536 889 829 956 commemoratione
843 889 1075 975 etymologiam,
1098 888 1274 955 declinatio-

156 1017 240 1073 nem,
261 1014 392 1074 sensum,
412 1015 522 1078 genus,
544 990 785 1071 terminationes,
807 989 939 1055 rariores
961 988 1087 1071 formas,
1108 988 1275 1076 passiones,

159 1092 291 1178 denique
318 1113 520 1176 quaecunque
550 1090 588 1154 ad
617 1089 840 1155 vocabulorum
875 1112 973 1170 usum,
1002 1089 1125 1172 formas,
1159 1088 1274 1176 signifi-

158 1195 291 1258 cationes
325 1193 493 1277 pertinent,
524 1191 654 1277 copiosis
688 1189 866 1255 excursibus
907 1190 1048 1252 tractavit
1063 1191 1101 1272 ²).
1143 1188 1277 1255 Accedit

157 1291 240 1377 quod
262 1291 334 1355 data
348 1292 508 1356 occasione
527 1302 669 1356 accurate
682 1290 848 1356 nonnullos
863 1288 1005 1355 difficiles
1019 1301 1181 1376 poetarum
1192 1289 1276 1356 locos

155 1392 327 1478 explicasse
355 1413 390 1455 ac
410 1412 460 1455 res
487 1391 722 1477 geographicas,
750 1390 905 1477 mythicas
933 1389 983 1454 vel
1013 1388 1074 1452 alia
1101 1388 1276 1455 eiusmodi

155 1491 321 1557 illustrasse
342 1491 465 1554 videtur
478 1497 520 1568 ³).
565 1490 654 1569 Quae
676 1512 747 1554 curn
772 1490 816 1555 ita
836 1492 906 1572 sint,
938 1513 1000 1556 non
1021 1490 1199 1555 mirandum
1220 1499 1275 1572 cst,

155 1614 309 1655 summum
332 1590 513 1657 Catholicae
542 1591 694 1656 honorem
714 1591 798 1677 apud
824 1602 946 1657 veteres
966 1589 1070 1655 larissa
1114 1588 1210 1656 Cuius
1231 1591 1277 1655 rei

155 1692 204 1754 vel
227 1691 257 1754 id
278 1690 477 1778 perspicuum
508 1691 727 1756 documentum
757 1701 812 1772 est,
848 1690 931 1777 quod
957 1690 1122 1777 Eupithius
1151 1690 1277 1775 quidam

158 1791 355 1857 Atheniensis
377 1791 569 1876 singularem
590 1811 716 1877 operam
738 1792 771 1856 in
792 1813 829 1856 co
851 1791 1048 1877 consumpsit,
1069 1802 1104 1854 ut
1117 1789 1277 1877 exemplar

157 1890 312 1975 quoddam
348 1889 527 1955 Catholicae
560 1891 773 1977 prosodiarum
808 1902 839 1956 et
867 1890 1151 1977 interpunctionem
1180 1889 1277 1977 signis

156 1991 320 2054 instrueret
334 1995 382 2068 ²⁴);
405 2008 498 2071 quem
519 1990 657 2057 laborem
677 1990 760 2054 lrand
783 1990 931 2076 exiguum
951 1990 1044 2056 fuisse
1059 1990 1191 2073 querelis
1213 1989 1277 2054 eius

157 2091 294 2173 profecto
323 2086 511 2154 credendum
545 2101 591 2155 est
618 2091 733 2168 (Anth.
766 2090 836 2155 Pal.
865 2093 894 2183 9,
917 2091 1006 2175 206).
1048 2092 1089 2156 In
1119 2090 1277 2157 breviores

157 2186 270 2252 formas
291 2211 384 2275 saepe
410 2190 571 2255 redactum
596 2214 663 2258 esse
691 2215 769 2278 opus
797 2192 946 2256 πολΰυλον
973 2214 1032 2277 pro
1054 2201 1138 2258 certo
1160 2192 1277 2258 hahere

156 2308 328 2371 possumne,
349 2308 534 2371 quamquam
565 2314 626 2354 una
647 2301 766 2356 tantum
788 2292 923 2379 epitoma
951 2292 1066 2358 diserte
1091 2314 1277 2360 commemo·

156 2397 242 2450 ratur
264 2389 302 2451 ab
324 2387 531 2454 Aristodemo.
547 2389 680 2472 quodam
702 2392 842 2458 confecta
864 2391 965 2475 (Suid.
988 2414 1012 2454 s.
1032 2393 1090 2475 n).

218 2485 269 2550 De
292 2486 473 2554 Catholicae
492 2490 653 2573 prooemio
675 2490 736 2555 duo
758 2490 908 2557 hahemus
932 2491 1116 2559 testimonia.
1147 2491 1191 2558 Et
1212 2493 1276 2559 bio-

155 2586 293 2671 graphus
306 2587 435 2673 quidem
446 2588 525 2652 haec
534 2589 669 2675 profert:
693 2585 761 2671 ἕνῇ
777 2598 832 2668 (sc.
842 2595 880 2672 cp*
893 2593 1054 2676 καθολικῆ)
1067 2590 1140 2674 μετὰ
1154 2586 1187 2658 sd
1202 2587 1277 2675 apd<

152 2681 275 2767 Μάρκον
296 2687 449 2770 προοίμιον
471 2685 550 2753 odam
570 2688 621 2771 sip
649 2690 821 2774 προσῳδίαν
844 2689 971 2774 ὁρίζεται
995 2691 1181 2778 ’προσῳδίαι
1209 2692 1274 2759 ἐπὶ

154 2785 218 2863 κτλ,
247 2785 400 2850 Arcadius
428 2798 532 2853 autem
554 2789 606 2875 qui
636 2789 747 2856 dicitur
769 2793 848 2857 haec
880 2792 1069 2880 (p.2‚17):
1104 2790 1192 2867 stet<
1223 2790 1275 2860 οὖν

214 2993 235 3055 ¹)
254 2996 364 3047 Ioannes
384 2998 424 3049 Al.
448 3016 473 3063 p.
493 3003 509 3048 4
528 3000 560 3050 de
579 3001 628 3051 hac
648 3018 690 3054 rc:
715 2999 775 3073 ὅπερ
795 3000 825 3053 ἐν
842 2998 869 3061 ἓξ
887 3002 1001 3075 papinium
1019 3002 1170 3075 Ἠρωδιανῴ
1188 3004 1277 3058 πεπαί-

257 3076 347 3130 haurne.

190 3198 211 3263 ²)
231 3198 271 3253 Cf.
289 3198 350 3252 Arc.
367 3216 394 3264 p.
413 3203 425 3250 1
444 3218 483 3267 sq.
503 3203 590 3260 Schm.
610 3210 637 3257 ct
655 3222 721 3273 quas
738 3209 806 3258 infra
823 3227 850 3275 p.
870 3208 901 3263 19
920 3227 953 3262 cx
972 3211 1064 3263 codem
1082 3213 1275 3278 exscripsimus.

259 3312 290 3322 —
311 3282 439 3340 Choerob.
461 3286 490 3335 in
514 3288 613 3342 Theod.
639 3309 665 3357 p.
690 3295 749 3355 272,
778 3295 800 3346 1.
827 3294 867 3342 Et.
894 3310 928 3366 ru.
958 3297 1015 3358 134,
1034 3299 1075 3349 20.
1105 3300 1161 3360 146,
1180 3301 1224 3348 23.
1245 3329 1275 3339 -

212 3437 215 3450 ι
257 3369 349 3419 Choer.
375 3386 399 3435 p.
426 3373 465 3433 16,
486 3374 528 3421 19·
554 3375 613 3438 837,
639 3380 678 3426 19.
716 3378 835 3444 Theogn.
871 3397 898 3445 p.
919 3382 1275 3443 38‚25.-seh01.1)sm.

255 3455 283 3504 in
310 3454 379 3509 Mid:
399 3474 424 3521 p.
458 3460 508 3507 683
534 3460 597 3514 Did.
633 3463 721 3519 Schol.
747 3464 792 3516 Ar.
825 3464 873 3519 Au.
902 3468 978 3516 1680.
1014 3467 1104 3533 Steph.
1132 3488 1158 3535 p.
1183 3473 1225 3534 25,
1250 3475 1275 3524 9.

254 3541 341 3592 Schol.
366 3541 464 3607 Aphth.
489 3545 568 3612 Prog.
588 3549 603 3596 2
622 3566 647 3613 p.
667 3551 716 3598 667
733 3549 779 3603 W.
811 3579 841 3588 —
869 3551 959 3617 Steph.
984 3571 1011 3618 p.
1029 3556 1055 3616 4,
1074 3557 1099 3606 5.
1136 3557 1229 3612 Choer.
1249 3576 1276 3624 p,

256 3626 314 3687 515,
338 3630 363 3679 4.
388 3628 431 3683 Et.
455 3645 489 3680 m.
513 3632 555 3693 80,
583 3634 624 3682 39.
651 3660 683 3671 -
707 3635 749 3683 Et.
778 3652 813 3688 m.
839 3634 897 3699 206,
923 3640 965 3688 st.
1002 3638 1119 3706 Theogn.
1144 3660 1169 3708 p.
1198 3645 1222 3706 3,
1250 3648 1276 3696 1.

255 3709 297 3770 45,
314 3712 356 3763 23.
375 3715 417 3775 bd,
436 3716 480 3768 28.
500 3717 557 3779 123,
578 3719 621 3771 17.
641 3720 699 3782 158,
722 3722 762 3773 14.
782 3721 867 3774 Crem.
886 3724 937 3777 An.
956 3725 1017 3781 Par.
1035 3728 1053 3775 4
1069 3744 1095 3792 p.
1119 3730 1177 3792 183,
1198 3731 1221 3781 t.
1242 3758 1273 3768 -

257 3793 322 3848 Her.
343 3796 414 3853 Mon.
435 3801 477 3863 34,
499 3803 523 3851 7.
692 3809 695 3818 ’

214 3909 234 3978 ³)
252 3912 341 4048 pppor.
367 3915 401 3976 u,
425 3917 443 3967 s
471 3922 527 3972 rra.
564 3921 655 3988 saph.
679 3941 709 3989 p.
727 3928 787 3990 asa,
806 3930 833 3983 a.
854 3956 882 3965 -
910 3929 1000 3994 Steph.
1020 3947 1048 3995 p.
1066 3934 1092 3994 a,
1109 3933 1136 3987 s.
1149 3909 1211 3997 aa,
1234 3937 1276 3990 14.

288 4013 312 4062 ·,
332 4002 375 4055 14.

206 4114 231 4185 ⁴)
250 4117 341 4184 Neque
361 4120 430 4170 enim
448 4122 539 4174 dubito
557 4126 619 4190 quin
638 4126 729 4189 στίζειν
756 4130 880 4182 hocloco
904 4132 982 4182 ctiam
1005 4135 1039 4184 ad
1062 4137 1195 4203 prosodias
1219 4153 1276 4204 spc-

252 4209 313 4267 ctet,
332 4221 382 4271 quo
399 4222 478 4260 sensu
494 4225 583 4261 vocem
601 4220 751 4281 usurpatam
768 4217 914 4270 invenimus
931 4218 959 4268 in
971 4220 1112 4288 Epiphanii
1123 4226 1179 4275 loco
1195 4224 1277 4275 allato

249 4305 266 4340 a
283 4290 387 4349 Villois.
405 4297 488 4360 proci.
507 4297 540 4347 11.
559 4315 588 4366 p.
607 4299 660 4358 IX.

1051 4394 1072 4457 2
