3009 4709
614 359 797 465 -11ς

164 589 308 657 habuerit
323 590 365 670 ¹).
409 589 449 654 In
475 588 569 652 elium
597 608 736 652 errorem
766 588 863 651 ¹multo
894 594 966 651 ente
993 584 1144 650 inciderat
1171 583 1280 651 Goett-

164 690 281 777 lingius
303 689 361 773 (ad
382 688 502 756 Theos.
525 710 556 774 p.
573 690 608 754 Χ.
631 687 721 769 tou:
744 708 815 751 cum
838 684 920 751 enim
935 682 1039 749 neseio
1060 707 1120 770 qua
1134 684 1173 749 de
1189 708 1282 749 eausa

165 800 298 879 poteret,
327 786 494 854 Theodosii
515 798 608 873 eaput
630 787 714 874 quod
741 798 788 853 est
813 808 843 873 p.
867 786 895 867 3,
916 785 958 850 20
977 805 1075 870 usque
1101 783 1141 850 sd
1167 786 1212 866 10,
1240 785 1282 850 25

166 915 208 957 ex
229 912 266 955 eo
295 888 467 956 Herodieni
492 887 573 954 libro
599 887 730 954 fluxisse
757 887 796 952 de
823 909 885 973 quo
914 885 1004 951 nobis
1031 907 1134 950 sermo
1163 895 1218 964 est,
1250 884 1282 949 iu

167 990 228 1055 hoo
250 983 409 1055 literarum
431 988 570 1054 ordinem
594 987 770 1073 expositum
791 996 886 1071 atque
915 984 1108 1069 argumentis
1136 986 1282 1071 explana·

167 1099 234 1153 tum
254 1088 348 1153 fuisse
379 1088 505 1170 censuit.
547 1086 640 1167 Quod
668 1088 810 1169 fortasse,
843 1087 960 1151 utiam
981 1084 1229 1167 commemoravi,
1250 1084 1286 1164 iu

106 1247 110 1253 .
166 1188 255 1253 initio
276 1188 378 1275 operis
411 1188 526 1251 foetum
547 1199 626 1267 erot3
665 1210 816 1251 summam
843 1185 911 1252 libri
933 1187 1046 1252 inuiis
1077 1209 1112 1252 re
1131 1196 1284 1252 versatam

165 1289 260 1353 fuisse
280 1308 319 1352 ex
341 1288 378 1351 iis
399 1285 587 1374 quoe-attuli
610 1289 720 1355 elucet.

228 1387 297 1452 Iam
318 1410 357 1452 ee
376 1387 491 1474 scripto
513 1387 684 1453 Herodioni
706 1388 794 1454 nobis
815 1386 1086 1454 commemoranda
1106 1396 1178 1451 sunt
1192 1394 1279 1463 (nem

167 1491 238 1578 plus
258 1499 416 1576 proestare
435 1511 500 1553 uon
525 1497 712 1575 possumus),
747 1489 859 1574 quibus
887 1487 1026 1553 doctrina
1052 1510 1107 1551 sus
1134 1508 1206 1551 usus
1239 1495 1285 1550 est

169 1591 207 1656 ad
230 1591 368 1677 priorum
401 1588 674 1673 grammaticorum
705 1612 801 1677 opera
830 1588 1023 1675 explicando,
1061 1587 1285 1676 amplificando,

169 1699 224 1757 aut
241 1691 345 1768 etism,
367 1688 420 1753 ubi
435 1710 512 1774 opus
525 1698 601 1770 eret,
624 1690 817 1774 corrigenda.
838 1687 927 1753 Telis
945 1698 1049 1753 autem
1064 1689 1122 1752 tria
1135 1687 1285 1753 novimus.

234 1792 259 1855 1.
277 1786 487 1872 Ὑπομνήματα
507 1784 561 1851 τοῦ
587 1789 654 1871 περὶ
683 1794 791 1854 ποθῶν
820 1788 960 1869 Δοδῦμου,
989 1810 1121 1874 quorum
1150 1789 1284 1873 prinmo]

171 1892 281 1957 citatur
302 1911 317 1953 a
341 1888 437 1955 sehol.
459 1889 540 1954 Ven.
562 1888 601 1953 Il.
625 1891 645 1952 P
668 1890 738 1969 201,
760 1890 890 1953 fortasse
911 1888 1003 1953 etiam
1024 1887 1133 1968 111111),
1154 1886 1285 1952 alterum
1322 1919 1328 1934 ι

168 1994 191 2055 Γ
213 1981 352 2070 2723'cf.
376 1983 520 2057 Schmidt
540 1989 614 2054 Did.
636 2011 667 2075 p.
689 1989 752 2054 343
773 2012 819 2076 sq.
1011 2067 1015 2072 ἢ

231 2091 261 2155 2.
280 2082 450 2171 Ὑπόμνημα
470 2092 524 2152 τοῦ
543 2090 610 2175 περὶ
631 2092 724 2172 {sosio
741 2085 954 2156 Ἀπολλωνίου.
972 2088 1084 2174 steph.
1107 2110 1137 2173 p.
1161 2088 1232 2169 359,
1256 2089 1285 2152 7.

146 2197 155 2203 ’
231 2192 263 2256 3.
284 2188 334 2262 Εἰς
367 2188 419 2271 τὴν
448 2191 654 2256 Ἀπολλωνίου
684 2185 862 2275 εἰσαγωγήν,
886 2191 926 2257 de
955 2213 1016 2276 qua
1037 2211 1131 2274 supro
1152 2212 1182 2250 ν.
1206 2179 1286 2254 Ouio

171 2289 263 2355 unico
290 2289 380 2354 huius
409 2289 621 2355 commentarii
650 2291 847 2376 fragmento,
879 2290 963 2375 quod
983 2297 1086 2354 exstat
1116 2288 1149 2352 in
1171 2287 1221 2352 Et.
1245 2308 1286 2350 m.

174 2413 205 2476 p‘.
228 2387 295 2472 113,
320 2391 349 2455 3.
372 2411 396 2453 s.-
426 2413 455 2454 v.
483 2390 677 2473 Ἇρίυτυλλος,
699 2388 831 2455 addatur
854 2385 1286 2471 οὕοους“Ηρ1υ31ανὸςεῖς1-1“Γν

177 2492 379 2555 Ἀπολλυνιου
402 2486 562 2573 εἰσαγωγήν
589 2487 609 2573 ἢ
641 2490 709 2573 περὶ
736 2479 850 2570 παθῶν,
879 2497 988 2575 neque
1009 2512 1084 2554 vero
1105 2488 1170 2552 ullo
1191 2487 1286 2552 modo

175 2590 323 2658 eredibile
353 2592 409 2671 sit,
437 2590 599 2675 Apollonii
628 2587 789 2673 εἰσαγωγὴν
818 2590 902 2657 idem
928 2609 1005 2674 opus
1037 2590 1118 2676 quot
1150 2586 1287 2653 eiusdem

175 2689 242 2774 περὶ
262 2693 363 2755 παθῶν
393 2689 495 2769 uisse,
525 2689 673 2774 suspicor,
705 2699 950 2754 commentorum
978 2689 1051 2753 inde
1078 2698 1199 2754 tantum
1220 2695 1287 2771 ety-

174 2789 300 2877 mologo
331 2801 439 2856 notum
469 2790 570 2872 fuisse,
599 2789 682 2878 quod
704 2790 904 2857 Herodianus
925 2790 957 2856 in
978 2811 1074 2875 opere
1095 2791 1161 2873 περὶ
1183 2792 1286 2853 παθῶν

174 2889 216 2954 de
234 2889 427 2972 Ἀρίστυλλος
448 2912 525 2956 voce
546 2911 644 2975 ogone
665 2888 792 2970 addidit,
815 2909 848 2954 se
866 2889 949 2955 idem
972 2891 1065 2954 etiam
1087 2888 1117 2953 ἐν
1139 2905 1182 2973 τῳ
1210 2886 1287 2952 υπο-

173 2982 297 3074 μνήμοιτυ
319 2986 360 3062 εἰς
379 2988 430 3073 τήν
450 2987 657 3053 Ἀπολλωνίου
679 2985 842 3073 εἰσαγωγήν
864 2989 1053 3073 exposuisse.

235 3088 367 3154 Restant
388 3089 477 3154 nobis
499 3098 634 3174 quatuor
653 3091 705 3155 vel
722 3091 859 3176 quinque
869 3111 971 3175 opera,
994 3109 1073 3174 quae
1087 3089 1169 3154 inter
1186 3095 1288 3151 eeteoa

173 3196 281 3273 sptem
316 3187 418 3253 loeum
451 3212 513 3253 non
535 3189 652 3254 hebere
680 3199 846 3276 propterea
860 3188 1054 3271 existimati,
1088 3189 1161 3274 quia
1181 3207 1288 3253 eorum

174 3297 358 3374 arguments
379 3288 492 3374 partim
513 3288 604 3352 nimis
625 3289 792 3376 peculiaria
812 3297 883 3352 sunt
897 3290 1008 3375 partim
1023 3289 1114 3354 nimis
1130 3285 1289 3372 generalis

174 3396 227 3450 aut
247 3387 373 3452 ineerta.
416 3386 458 3452 Et
484 3385 515 3451 in
543 3407 607 3454 uuo
637 3388 763 3473 quidem
790 3387 987 3453 Herodianus
1020 3389 1220 3474 grammatice
1247 3386 1289 3450 its

175 3507 247 3550 usus
268 3496 323 3567 ost,
346 3497 379 3550 ut
400 3507 463 3552 non
486 3512 522 3553 ee
542 3486 746 3573 coniungeret
767 3505 848 3575 quoe
869 3510 909 3553 ex
932 3489 1059 3572 linguae
1080 3487 1199 3571 legibus
1218 3507 1289 3551 eon-

174 3586 334 3670 iungendo
354 3595 466 3668 essent,
488 3586 543 3652 sed
566 3587 785 3653 vocobulomm
804 3589 889 3653 idem
910 3611 1017 3653 rerum
1046 3609 1143 3672 genus
1173 3585 1289 3670 signifi·

173 3688 310 3752 esutium
332 3689 538 3774 etymologias
560 3697 591 3752 et
610 3687 725 3752 foueas
747 3689 927 3775 explicaret.
968 3687 1081 3775 Neque
1102 3709 1173 3754 eum
1190 3685 1289 3753 solum

175 3786 235 3850 hae
260 3788 381 3854 ratione
412 3809 501 3854 usum
529 3790 621 3854 fuisse
651 3788 843 3854 demonstrat
884 3788 1023 3856 Soranus
1056 3787 1202 3868 medicus,
1235 3786 1290 3872 qui

175 3884 366 3970 ἐτυμολογΐας
387 3894 450 3954 ’τοῦ
480 3881 618 3973 σώματος
649 3895 700 3953 τοῦ
730 3886 893 3974 ἀνθρώπου
923 3889 988 3954 sive
1007 3887 1073 3972 περὶ
1095 3886 1290 3970 ἐτυμολογιῶν

168 3992 228 4054 »τοῦ
251 3987 413 4071 ἀνθρώπου
435 3990 658 4075 eomposuiffl).
690 3987 1014 4053 Herodianus'sutem
1034 3986 1101 4070 περὶ
1122 3985 1217 4070 γάμου
1238 3986 1288 4050 καὶ

238 4204 256 4269 ¹)
278 4203 447 4254 Dubitantius
465 4202 498 4253 de
516 4201 566 4251 hae
582 4215 610 4253 re
626 4200 728 4252 looutns
748 4205 789 4251 est
806 4199 937 4251 wettinus
955 4217 982 4266 p.
1003 4201 1045 4252 16.

236 4304 320 4375 1)Οι·.
339 4323 365 4373 p.
385 4307 427 4369 34,
447 4308 471 4358 9.
492 4306 549 4369 131,
568 4307 594 4357 4.
614 4306 672 4367 159,
692 4303 736 4360 18,
