3009 4709
668 382 817 492 witi,

184 612 308 697 retussa
326 613 406 680 satis·
420 611 586 706 probabile
605 622 669 695 est,
682 635 754 686 cum
775 613 925 706 quaedam
949 611 1316 702 inmodiceAugustana

154 709 252 800 'alia
279 716 313 784 in
341 714 549 802 Barocoiano„
562 709 636 804 non·
657 713 811 800 logantm:
825 714 857 797 ¹)
899 713 1043 794 portasse
1071 723 1141 801 post
1169 714 1297 794 verbum

186 819 266 894 aliae
296 815 441 892 orationis
473 822 575 901 partes
604 822 759 890 tractatae,
784 817 881 888 eraut,
922 813 1084 890 Facillime
1113 814 1208 884 etiam
1233 813 1301 882 fieri

185 917 295 1007 potuit,
324 925 359 981 ut
385 938 481 979 unum
509 914 560 979 rel
580 913 711 980 alterum
726 924 838 1000 postea
858 914 1042 996 adderetur3
1074 914 1243 984 eiusmodi
1265 936 1304 982 ea

187 1040 254 1086 esse
274 1017 419 1082 videntur
440 1036 519 1103 quae
540 1012 748 1080 Baroccianus
770 1013 801 1078 in
822 1015 885 1079 fine
908 1015 1011 1080 habet.
1032 1016 1071 1081 Id
1093 1024 1195 1081 autem
1218 1015 1301 1103 quod

122 1147 128 1154 ·
187 1129 335 1188 tractatus
363 1119 427 1182 sira
457 1116 495 1179 ab
517 1124 641 1179 auctore
663 1114 728 1179 sive
750 1116 790 1179 ab
812 1114 872 1179 alio
895 1115 1033 1201 quolibet
1054 1115 1179 1183 bomine
1202 1116 1306 1181 Hero·

193 1219 272 1310 dirui
300 1217 425 1284 nomine
454 1214 620 1301 inscriptus
650 1226 713 1297 est,
748 1238 809 1280 non
831 1215 929 1300 magis
959 1205 1071 1281 mirum
1092 1238 1160 1282 esse
1182 1238 1304 1296 censeo,

191 1345 283 1409 quam
304 1319 335 1384 id
357 1318 441 1406 quod
462 1317 594 1404 scriptor
614 1316 676 1381 loci
696 1314 778 1379 illius
801 1316 854 1403 qui
876 1325 922 1381 est
943 1314 975 1378 in
988 1309 1207 1402 Etymologico
1229 1339 1306 1403 opus

189 1444 246 1509 pro
275 1419 414 1506 genuino
436 1416 551 1482 babuit.
595 1414 744 1481 Ceterum
773 1414 797 1478 si
819 1415 887 1501 quis
914 1426 1045 1503 propter
1065 1414 1241 1481 evitandam
1263 1426 1305 1479 te·

189 1520 363 1586 meritatem
390 1516 571 1597 contendat,
604 1515 673 1582 fieri
694 1516 849 1604 potuisse,
882 1525 916 1580 ut
945 1514 1142 1581 Herodianus
1169 1537 1203 1580 re
1231 1539 1307 1581 vera

191 1620 355 1703 ζητούμενα
375 1615 530 1703 scripserit
551 1625 581 1680 et
600 1617 687 1682 locus
708 1616 761 1683 ille
783 1616 822 1682 de
844 1613 1005 1699 φιλοπότης
1025 1625 1057 1681 ct
1075 1613 1246 1698 φιλοπώτης
1268 1639 1307 1681 ex

191 1720 252 1785 hoc
273 1741 369 1805 opere
391 1727 423 1782 et
443 1716 475 1779 in
497 1718 528 1781 in
550 1715 805 1803 Etymologicum
826 1716 910 1781 etin
933 1714 1069 1782 libellum
1099 1715 1222 1802 dequo
1243 1716 1304 1801 agi-

191 1844 260 1888 mus
289 1818 459 1886 transierit:
488 1840 552 1884 non
580 1818 679 1883 habeo
710 1816 794 1903 quod
826 1815 898 1881 huic
917 1814 1029 1881 rationi
1049 1818 1123 1901 (qua
1146 1825 1243 1881 totum
1270 1816 1309 1879 dc

191 1923 298 1989 libello
327 1921 474 1988 iudicium
508 1939 571 1983 non
603 1921 751 2000 mutatur)
784 1940 951 2004 reponam,
984 1917 1043 1982 nisi
1076 1917 1160 2004 quod
1192 1917 1309 1982 cautior

193 2047 287 2110 quam
308 2018 475 2106 simplicior
497 2041 564 2085 esse
586 2017 661 2082 mihi
683 2018 816 2084 videtur.
838 2055 879 2065 -

254 2122 358 2188 Minus
377 2130 461 2186 certe
483 2118 620 2185 iudicare
641 2118 713 2184 licet
741 2118 781 2185 de
801 2117 907 2185 libello
929 2116 1066 2185 eiusdem
1087 2119 1153 2184 fere
1174 2117 1310 2203 generiS,

193 2224 247 2308 qui
267 2220 441 2289 Herodiani
469 2217 644 2303 Φιλέταιρος
657 2226 688 2296 ²)
710 2219 877 2307 inscriptus
899 2228 954 2284 est.
980 2220 1019 2284 Id
1041 2217 1168 2305 quidem
1191 2229 1310 2283 constat

194 2344 296 2408 neque
327 2319 594 2406 argumentatione
623 2329 705 2406 eget,
728 2342 808 2402 cum,
831 2340 891 2403 qua
912 2343 995 2385 nunc
1016 2328 1116 2385 exstat
1137 2318 1246 2398 forma,
1269 2321 1308 2385 ab

197 2421 376 2488 Herodiano
409 2444 473 2487 non
501 2422 651 2508 scriptum
679 2444 755 2487 esse.
808 2421 992 2501 Quaeritur,
1027 2428 1129 2485 utrum
1162 2440 1200 2485 ex
1230 2420 1310 2486 libro

196 2521 391 2588 Herodianeo
417 2521 541 2588 fluxerit
574 2544 693 2603 necne,
722 2532 816 2608 atque
837 2521 899 2589 hoc
920 2532 1005 2588 certa
1034 2541 1104 2598 cum
1119 2519 1310 2587 necessitate

198 2621 364 2690 diiudicare
393 2647 444 2690 me
475 2645 538 2688 non
565 2644 656 2710 posse
684 2624 845 2689 confiteor.
898 2623 1046 2689 Attamen
1075 2623 1136 2688 duo
1168 2645 1220 2688 me
1241 2643 1309 2708 per·

195 2729 331 2802 movent,
356 2732 389 2788 ut
410 2722 547 2788 libellum
569 2724 607 2788 ab
630 2722 828 2790 Herodianea
849 2725 972 2809 origine
993 2722 1127 2789 alienum
1149 2744 1216 2788 esse
1237 2745 1308 2810 pro-

194 2819 327 2885 babilius
355 2842 506 2887 censeam.
557 2822 715 2905 Primum,
753 2834 788 2887 ut
814 2824 876 2887 iam
905 2823 980 2903 dixi,
1001 2843 1153 2906 nusquam
1174 2821 1310 2887 Herodi-

196 2940 272 2981 anus
296 2918 330 2982 in
354 2919 569 2986 Atticistarum
596 2943 725 2988 numero
752 2922 847 2988 fuisse
874 2921 1020 3005 traditur,
1046 2930 1206 3009 practerea
1234 2919 1311 2984 nibil

197 3043 323 3102 eorum,
354 3045 432 3109 quae
460 3022 494 3086 in
522 3022 702 3088 Philetaero
735 3022 900 3104 docentur,
936 3020 1010 3086 alias
1032 3021 1072 3087 ad
1093 3019 1308 3085 Herodianum

197 3123 340 3188 refertur.
390 3123 517 3188 Nomen
548 3141 623 3186 vero
649 3120 826 3189 Herodiani
854 3120 1001 3207 opusculo
1023 3120 1112 3185 alicui
1134 3119 1310 3207 praefixum

195 3244 385 3310 perparvum
405 3231 459 3285 aut
480 3222 590 3307 potius,
618 3231 652 3286 nt
671 3221 770 3288 libere
791 3221 900 3303 dicam,
922 3219 1188 3308 prorsus'nullum
1209 3218 1310 3284 Hero-

198 3323 326 3389 dianeae
337 3321 466 3410 originis
477 3330 693 3406 argumentum
703 3343 771 3388 csse
785 3320 998 3387 demonstrant
1009 3320 1093 3386 haud
1110 3318 1198 3408 pauci
1213 3318 1311 3383 libelli

197 3424 379 3509 Byzantinis
408 3422 597 3510 temporibus
630 3442 735 3487 omnes
763 3420 943 3509 conscripti,
974 3439 1051 3504 quos
1078 3421 1128 3486 vel
1150 3419 1310 3485 nominare

198 3617 500 3630 ι---.--.---

261 3742 278 3808 ¹)
299 3742 383 3798 Cram.
402 3762 429 3811 p.
447 3747 498 3795 254
515 3760 555 3810 sq.
592 3744 681 3796 Herm.
703 3744 811 3795 19-23.

259 3914 278 3981 2)
298 3915 373 3978 Quod
396 3914 431 3964 ad
448 3914 573 3964 Zenodoti
597 3914 729 3964 cniusdam
756 3915 874 3965 libellum
893 3931 968 3965 voces
989 3914 1140 3964 animalium
1159 3930 1311 3965 enumeran-

207 4012 210 4018 '
299 4000 341 4062 tis,
362 3999 404 4049 cui
420 3998 550 4048 adiectum
568 4003 608 4049 est
625 3997 755 4071 φιλέτερος,
774 4001 876 4062 attinet,
896 4002 1027 4052 consentio
1045 4017 1103 4050 cum
1121 4000 1312 4053 Valckenaerio

300 4083 391 4151 (anim.
409 4083 451 4134 ad.
470 4083 553 4137 Amm.
573 4101 598 4150 p.
617 4084 692 4152 228),
716 4087 761 4151 qui
778 4087 904 4137 Zenodoti
922 4086 1064 4137 Philetaeri
1082 4086 1198 4151 scriptori
1217 4102 1312 4137 nomen

298 4173 378 4223 fuisse
409 4169 527 4220 coniecit.
575 4170 652 4222 Certe
685 4188 752 4238 quae
781 4172 918 4223 Piersonus
952 4172 1043 4238 (Moer.
1077 4189 1102 4236 p.
1131 4170 1256 4237 XLVIII)
1285 4180 1312 4223 et

300 4260 472 4315 Schneidcrus
492 4257 599 4326 (Ztschr.
617 4259 636 4307 f.
655 4259 681 4313 d.·
699 4259 767 4308 AW.
788 4260 853 4309 1855
872 4274 898 4322 p.
917 4259 977 4324 253)
1002 4259 1035 4310 de
1053 4275 1083 4310 eo
1100 4260 1225 4325 suspicati
1241 4272 1318 4319 sunt,

301 4349 371 4400 omni
387 4347 573 4414 probabilitate
590 4351 688 4401 carent.
