3009 4709
766 368 853 474 442

229 591 356 677 abipso
385 591 535 678 scriptore
563 591 739 679 appellatur
767 618 797 681 p.
829 593 878 675 22,
892 595 924 679 3)
958 593 1134 660 Onomatiei
1156 592 1345 662 Herodianci

229 692 395 777 epitomum
416 715 479 757 non
501 714 578 757 esse:
602 703 707 759 tamen
724 694 850 759 minime
872 717 963 780 nego,
986 703 1016 757 et
1041 714 1243 778 quaeeunque
1264 699 1346 762 bona

228 791 261 855 iu
284 816 319 857 ea
341 791 444 856 insunt
466 814 504 857 ex
529 791 709 858 Herodiano
733 779 941 876 (quamquem
955 818 1012 879 per
1032 797 1202 884 complures
1225 801 1345 880 manus)

228 892 355 957 fluxisse
371 894 398 976 ¹)
421 903 451 956 et
475 892 611 978 singulos
633 914 765 958 canones
787 894 896 959 eadem
915 894 981 959 fere
1012 894 1129 961 ratione
1151 900 1190 962 ab
1212 897 1345 963 Herodi·

229 1015 288 1055 ano
308 992 400 1058 fuisse
419 995 593 1079 propositos
610 996 649 1075 2).
694 995 801 1077 Atque
831 995 862 1058 id
884 994 915 1057 in
938 1018 973 1058 eo
997 996 1080 1076 quod
1109 997 1197 1061 liuius
1218 998 1346 1062 rationis

229 1092 407 1179 exemplum
428 1092 606 1158 Ltibbertus
634 1094 690 1162 sibi
712 1097 850 1180 sumpsit,
883 1094 1049 1158 rnasoulina
1083 1095 1114 1157 in
1136 1119 1179 1158 ων
1201 1097 1346 1162 exeuntia

228 1190 305 1271 dieo,
340 1190 431 1256 etiam
460 1193 647 1278 probabilius
668 1195 703 1258 fit
730 1204 858 1281 propter
887 1196 1120 1279 congruentiam
1145 1220 1215 1261 cum
1243 1198 1344 1263 Theo·

227 1302 348 1375 gnosto,
370 1294 422 1373 qui
436 1296 538 1382 ¹copiis
560 1296 766 1361 Herodianeis
786 1296 954 1382 diligenter
976 1319 1048 1360 usus
1065 1305 1120 1361 est.
1147 1298 1347 1383 Quapropter

227 1392 349 1477 siquis
379 1395 526 1460 rationem
549 1395 588 1460 in
620 1397 791 1480 singulis
824 1398 862 1460 ab
893 1395 1073 1463 Herodiano
1101 1398 1268 1461 adhibitam
1296 1420 1346 1462 eo·

227 1517 378 1579 gnoscere
407 1496 491 1578 velit,
522 1520 592 1561 eum
623 1496 661 1560 ad
694 1497 844 1561 Liibberti
866 1496 1110 1561 dissertationem
1133 1496 1274 1580 relegare
1295 1519 1346 1562 mc

228 1616 317 1680 posse
337 1595 477 1661 arbitror.
519 1596 570 1661 De
592 1595 682 1661 totius
704 1607 808 1660 autem
829 1597 929 1683 operis
951 1598 1170 1685 compositione
1197 1596 1257 1661 duc
1280 1608 1346 1662 tan-

228 1705 293 1758 tum
322 1694 422 1760 babeo
453 1716 532 1780 quae
560 1697 723 1780 proferam.
769 1695 910 1774 Quorum
950 1698 1035 1783 prius
1063 1707 1109 1759 est
1137 1694 1346 1761 Clroerobosei

227 1796 434 1860 testimonium
449 1796 517 1858 >iam
538 1794 679 1875 allatum3
702 1815 835 1877 quocum
857 1797 999 1880 congruit
1020 1796 1051 1859 id
1072 1795 1345 1881 quodSteplronus

228 1906 456 1977 commemorat,
479 1894 693 1961 Herodianum
716 1895 746 1959 ἐν
768 1893 873 1978 πρώτῃ
896 1897 1024 1968 κλίσεως
1053 1894 1206 1977 ooopertus
1231 1894 1270 1959 de
1291 1919 1345 1960 uo·

227 1996 360 2060 minibus
382 1995 415 2060 in
437 2018 490 2075 γας
512 1997 694 2061 exeuntibus
717 1998 816 2080 egisse
829 1997 870 2082 (p.
887 1997 954 2076 186,
967 1997 1031 2079 15).
1075 1997 1219 2060 Alterum
1232 1994 1345 2079 legitur

226 2094 257 2158 in
278 2096 403 2160 scholiis
424 2095 554 2162 Venetis
576 2098 616 2160 ad
637 2096 674 2160 Il.
698 2098 813 2176 93183
836 2096 877 2161 ibi
900 2095 982 2161 enim
1004 2118 1076 2159 eum
1098 2096 1138 2160 de
1161 2088 1295 2177 εὔκνήμες
1313 2106 1344 2161 et

227 2197 414 2280 μελαμψήφις
437 2218 547 2260 vocum
565 2195 781 2261 terminatione
805 2196 910 2261 tertius
932 2194 1106 2262 Onomatici
1128 2195 1207 2260 liber
1224 2197 1340 2276 citetur,

227 2296 387 2376 concludo,
400 2297 534 2379 quinque
545 2296 612 2360 illas
625 2297 782 2360 nominum
794 2297 905 2361 classes
918 2297 962 2375 (in
977 2318 1012 2367 ας
1025 2317 1065 2368 εις
1081 2317 1130 2367 su:
1145 2317 1181 2377 ης
1196 2296 1234 2379 ες)
1246 2296 1339 2359 tribus

226 2396 333 2481 primis
353 2395 439 2460 libris
461 2404 604 2460 tractatas
627 2396 729 2477 luisse,
762 2397 891 2461 fortasse
920 2398 1013 2460 etiam
1039 2397 1152 2481 plures.
1197 2394 1339 2480 Amplius

227 2507 330 2561 arrtem
352 2497 390 2561 de
410 2496 560 2560 librorum
580 2517 709 2560 numero
731 2519 770 2561 ex
793 2517 829 2559 ea
849 2519 884 2561 re
906 2495 1073 2579 quidquam
1107 2493 1256 2579 colligere
1277 2514 1340 2557 non

226 2596 314 2677 licet3
335 2595 487 2661 nescimus
510 2596 601 2676 enim,
623 2606 725 2659 utrum
745 2595 913 2661 masculina
936 2607 967 2661 et
981 2596 1130 2661 feminina
1150 2595 1341 2660 coniunctim

227 2719 266 2761 an
288 2696 452 2784 separatim
474 2704 602 2761 tractata
620 2696 743 2774 fuerint,
766 2708 797 2760 et
817 2696 850 2760 id
867 2719 991 2782 quoque
1012 2697 1164 2761 incertum
1187 2704 1241 2773 est,
1264 2716 1340 2757 num

227 2795 424 2861 Herodianus
437 2796 523 2862 libris
538 2796 577 2861 de
590 2796 797 2862 declinatione
814 2796 890 2862 alios
902 2797 1054 2882 quosdam
1068 2798 1107 2861 ad
1122 2795 1194 2861 alias
1208 2793 1340 2878 quaesti·
1369 2877 1374 2886 ,

226 2920 299 2962 ones
322 2906 492 2984 spectantes
524 2897 687 2962 addiderit.
732 2896 849 2962 Contra
877 2897 910 2960 id
931 2900 1051 2976 seimus,
1087 2895 1125 2959 de
1155 2891 1340 2979 quibusdam

226 2997 402 3062 nominibus
423 3007 550 3083 propter
570 2997 743 3082 singulares
765 2998 879 3061 formas
894 2997 1080 3062 notabilibus
1094 2994 1256 3079 μυνόβῑβλα
1277 2995 1341 3059 sive

224 3096 394 3183 peculiares
406 3099 677 3163 commentationes
688 3120 760 3162 eum
777 3097 948 3182 scripsissc3
971 3120 1032 3183 quo
1050 3096 1209 3184 pertinent
1218 3093 1341 3160 libellus

225 3195 365 3280 περὶτοῦ
388 3194 479 3279 (ciffi)
503 3201 614 3279 ctaspt
637 3193 688 3260 red
712 3194 984 3280 ὕδωρμονόβιβλον
1001 3205 1041 3274 ¹⁴).
1076 3196 1189 3281 Neque
1203 3204 1340 3282 praeter·

225 3294 409 3362 mittendum
432 3297 507 3361 mihi
523 3308 569 3363 est
584 3299 643 3363 hoc
658 3298 728 3363 loco
751 3297 925 3380 μονόβιβλον
947 3298 1014 3379 περὶ
1034 3295 1145 3379 κυρίων
1166 3296 1215 3359 καὶ
1237 3292 1340 3360 ἐπιθέ-

225 3419 285 3461 των
309 3399 358 3460 καὶ
373 3402 596 3480 προσηγορικῶν
609 3403 647 3481 ⁵),
669 3421 734 3483 quo
753 3400 793 3466 de
812 3398 849 3464 iis
871 3397 1046 3463 nominibus
1067 3417 1145 3479 quae
1159 3395 1250 3460 simul
1270 3398 1340 3462 sub

287 3611 305 3678 ¹)
323 3611 452 3660 Adidem
470 3615 647 3676 excerptorum
667 3625 747 3676 genus
764 3611 872 3659 fortasse
892 3609 1024 3673 pertinent
1040 3623 1107 3673 quoe
1124 3607 1151 3655 in
1170 3608 1257 3657 codice
1270 3608 1340 3664 Lau:

325 3697 443 3747 rentiano
467 3701 571 3746 exstant
595 3696 689 3764 (Banu.
709 3699 723 3744 ⁴2
743 3713 768 3761 p.
792 3698 867 3760 Qsstlt
886 3690 1043 3764 'llpubroueu
1070 3691 1125 3764 περὶ
1143 3701 1198 3766 τῶν
1215 3692 1262 3763 πρὸ
1282 3695 1340 3761 μιᾶς

326 3779 437 3851 ἑχόντων
458 3781 503 3834 τὸν
518 3778 596 3833 τόνον
614 3778 754 3852 &perurserit
772 3777 874 3832 εὐθιιων
897 3777 1008 3831 καὶτῶν
1030 3780 1151 3852 adpositos
1176 3776 1275 3843 adrev,
1299 3781 1340 3836 καί

327 3866 382 3939 περὶ
398 3878 505 3938 γενικῶν
524 3866 753 3937 ἁμφιβαλλομὲνων
771 3864 819 3917 ἀπὸ
839 3863 962 3935 brypdrou.

283 3979 306 4044 ²)
326 3980 366 4032 uf.
386 3981 499 4046 exempli
517 3996 595 4030 eausa
613 3980 703 4044 Steph.
724 3996 748 4044 p.
771 3978 827 4038 186,
848 3978 878 4031 15
899 3995 956 4028 eum
975 3979 1067 4029 Choer.
1086 3995 1112 4042 p.
1133 3977 1174 4038 33,
1194 3979 1235 4029 32.

283 4090 303 4159 ³)
323 4095 364 4146 Et.
384 4109 417 4147 m.
438 4094 496 4154 741,
516 4094 558 4144 46.
596 4093 635 4144 Gt.
657 4092 726 4144 Mon.
746 4094 788 4152 tr,
808 4093 850 4144 3l.

283 4201 304 4268 ⁴)
324 4202 417 4256 Choes.
437 4219 462 4268 p.
481 4204 540 4263 208,
559 4204 601 4251 25.
640 4201 780 4252 Consentio
799 4199 944 4249 enimcum
963 4197 1071 4250 Lehrsio
1090 4217 1114 4265 p.
1134 4200 1184 4247 422
1203 4212 1242 4261 sq.

284 4314 304 4382 ὅ)
323 4314 410 4366 Schol.
428 4313 489 4364 Eur.
509 4313 590 4378 Hipp.
609 4313 669 4362 408.
