3009 4709
650 367 802 473 mil...

164 587 290 670 aliunde
311 599 344 665 in
367 599 533 686 epitomem
555 593 670 659 inlatae
692 603 779 674 sunt,
801 612 880 676 quae
901 612 950 656 res
966 611 1028 675 quo
1048 593 1147 678 magis
1169 617 1188 658 a
1209 595 1282 660 viris

154 704 261 770 'doctis
293 703 356 765 iam
377 708 423 765 est
455 695 655 784 probabiliter
684 703 822 774 tractata,
852 713 888 758 eo
908 692 1033 758 brevius
1060 693 1207 760 hocloco
1229 697 1282 760 ab·

163 802 241 868 solvi
261 811 374 889 potest.
416 796 536 883 Incipio
558 819 576 860 a
598 793 697 859 certis.
740 789 842 879 Capiti
871 792 939 876 περὶ
963 791 1083 875 χρόνων
1112 797 1184 859 satis
1204 796 1283 862 mire

165 905 249 984 (cum
270 913 300 966 et
319 900 398 964 τόνοι
420 907 451 963 et
471 895 574 979 χρόνοι
596 893 757 981 prosodiae
774 893 847 975 sint)
869 893 1055 978 praemissus
1076 904 1124 959 est
1137 904 1283 959 tractatus

164 1000 232 1085 napi
252 1000 429 1083 προοωδωῖν
453 999 495 1082 (p.
519 995 581 1060 216
602 994 677 1077 sq.):
699 1003 790 1076 atque
811 993 838 1056 is
859 993 992 1058 estsere
1013 993 1103 1075 idem,
1128 1014 1221 1078 quem
1242 996 1284 1060 ad

167 1100 370 1187 supplendam
397 1095 543 1182 Dionysii
570 1093 701 1158 Thracis
728 1092 960 1178 grammaticam
993 1095 1196 1181 compositum
1217 1119 1283 1162 csso

167 1201 199 1263 in
219 1199 303 1263 initio
324 1197 418 1263 libelli
449 1195 546 1260 nostri
568 1193 718 1271 diximus,
752 1192 835 1256 hunc
854 1214 928 1257 vero
960 1194 998 1257 ab
1019 1193 1199 1261 Herodiano
1221 1218 1283 1261 non

164 1300 340 1387 profectum
358 1318 424 1363 esse
445 1319 517 1361 cum
537 1292 718 1358 scholiastae
739 1293 916 1359 testimonio
941 1293 980 1356 ad
1001 1293 1211 1359 Theodosium
1232 1305 1284 1359 aut

165 1399 206 1462 ad
227 1395 417 1481 Gregorium
437 1417 507 1460 eum
528 1391 692 1458 referentis
712 1392 926 1479 comperimus,
956 1403 1023 1457 tum
1054 1393 1127 1460 inde
1156 1407 1284 1482 apparot

167 1495 249 1579 quod
270 1506 375 1560 eontra
397 1495 608 1562 definitionem
629 1491 860 1557 Herodianeam
881 1493 940 1556 hoo
962 1492 1030 1556 loeo
1051 1490 1133 1576 πάθη
1158 1495 1284 1580 proprio

165 1594 315 1682 prosodiis
337 1595 587 1659 adnumerantur.
609 1593 776 1658 Praeterea
796 1591 828 1656 in
846 1591 908 1658 fine
923 1591 993 1656 libri
1014 1592 1088 1657 XV.
1106 1594 1166 1658 duo
1184 1596 1285 1681 capita

164 1695 232 1777 περὶ
269 1695 328 1756 τῶν
364 1692 576 1777 ἐγκλινομένων
605 1691 716 1776 μορίων
752 1703 784 1758 et
811 1693 853 1756 ἔτι
885 1691 953 1776 περὶ
990 1696 1049 1754 τῶν
1072 1690 1283 1776 ἐγκλινομένων

165 1793 311 1878 inscripta
332 1792 495 1877 leguntur3
518 1813 688 1876 quaecum
718 1792 840 1857 deuna
862 1790 1031 1874 eademque
1059 1816 1094 1857 re
1116 1805 1220 1879 agant,
1242 1794 1284 1858 al-

165 1902 269 1957 terum
289 1892 397 1955 saltem
419 1916 526 1958 eorum
547 1916 588 1960 ex
609 1893 770 1959 Catholica
798 1893 970 1980 profectum
997 1915 1060 1957 non
1082 1914 1148 1957 esso
1175 1894 1283 1960 elucet.

167 1992 247 2069 Quis
267 1990 352 2056 enim
371 2011 507 2075 unquam
528 1992 660 2060 eandem
680 2015 749 2057 rem
772 1992 881 2059 eodem
902 1992 970 2057 loco
993 1992 1039 2056 bis
1055 1992 1222 2056 necarit?
1242 2031 1284 2041 —

168 2093 275 2172 Atque
296 2088 328 2152 id
350 2091 432 2172 quod
465 2114 504 2156 ex
525 2092 572 2157 his
596 2093 714 2158 duabus
739 2094 832 2157 rebus
864 2092 1010 2173 sequitur,
1043 2101 1091 2156 sat
1110 2094 1215 2178 gravis
1238 2104 1285 2159 est

167 2191 324 2256 momenti.
367 2191 406 2255 In
427 2193 602 2258 universum
631 2194 714 2258 enim
745 2194 805 2258 hoo
832 2192 982 2272 videmuS,
1014 2190 1096 2274 quod
1129 2193 1231 2256 statim
1252 2193 1283 2256 in

165 2291 252 2355 initio
274 2291 366 2373 edixi,
395 2312 461 2357 esse
493 2294 645 2375 quaedam
675 2295 708 2358 in
735 2294 864 2358 Arcadii
896 2292 1039 2379 epitoma,
1070 2311 1150 2374 quae
1182 2315 1284 2359 none

166 2389 328 2456 Catholioa
348 2402 479 2478 sumpta,
500 2394 554 2460 sed
576 2394 700 2459 aliunde
720 2395 842 2458 invecta
864 2403 945 2459 sunt.

228 2488 295 2556 Sed
315 2490 398 2555 ultra
419 2494 684 2578 progrediendum
696 2504 742 2559 est
763 2493 1046 2580 quaerendumque,
1059 2515 1134 2557 num
1157 2495 1282 2559 omnino

163 2590 232 2654 veri
264 2589 363 2654 simile
385 2592 432 2673 sit,
463 2592 515 2658 vel
544 2617 640 2658 unum
670 2593 801 2658 duorum
823 2593 949 2658 illorum
971 2593 1010 2658 de
1034 2593 1180 2659 encliticis
1202 2595 1283 2681 capi-

164 2697 231 2753 tum
254 2689 466 2757 eOatholicae
486 2693 566 2757 libro
588 2692 663 2757 XV.
686 2715 753 2759 esse
774 2701 938 2778 sumptum.
967 2691 1077 2779 Atque
1099 2715 1136 2757 eo
1159 2693 1284 2779 quidem

165 2788 381 2854 Herodianum
403 2791 442 2854 de
463 2791 610 2857 encliticis
632 2793 714 2858 libro
735 2791 828 2857 XXI.
850 2802 1092 2857 commentatum
1116 2814 1185 2856 esse
1206 2791 1283 2858 vidi·

166 2908 244 2969 mus,
263 2888 338 2954 certi
361 2890 485 2975 quidem
506 2891 584 2956 nihil
606 2891 756 2973 efficitur,
787 2892 858 2974 quia
880 2893 905 2955 is
928 2892 1007 2957 liber
1028 2893 1069 2956 ad
1090 2892 1282 2959 Catholicarn

166 2985 295 3051 fortasse
315 3011 376 3055 non
398 2991 553 3073 pertinuit.
596 2991 717 3059 Tamen
739 3003 864 3080 reputes
891 3012 1021 3075 quaeso,
1042 3015 1116 3056 num
1137 2993 1282 3079 probabi-

164 3084 259 3152 litatis
287 3091 424 3174 speciem
459 3092 590 3173 habeat,
621 3091 835 3158 Herodianum
857 3092 890 3154 in
912 3091 1029 3157 duobus
1056 3091 1104 3155 his
1129 3091 1282 3178 operibus,

168 3185 275 3250 sinon
294 3189 506 3277 inscriptione,
534 3201 565 3256 at
588 3201 670 3258 certe
698 3189 792 3277 ipsius
815 3190 860 3255 rei
881 3202 991 3257 natura
1011 3202 1078 3258 arte
1100 3191 1282 3274 coniunctis,

167 3285 221 3349 uni
255 3286 416 3373 eidemque
449 3290 494 3353 rei
529 3290 651 3375 singula
677 3290 778 3376 capita
814 3289 993 3356 destinasse.
1043 3289 1144 3356 Multo
1177 3301 1283 3357 autem

162 3385 311 3454 maiorem
340 3390 539 3475 suspitionem
565 3390 667 3471 locus,
689 3409 783 3473 quem
804 3389 904 3476 capita
926 3390 1084 3472 obtinent,
1106 3400 1222 3456 movet.
1245 3389 1281 3457 Si

164 3484 383 3552 Herodianum
410 3491 443 3554 in
471 3488 633 3556 Catholica
663 3490 702 3555 de
735 3489 881 3555 encliticis
911 3491 1012 3575 egisse
1041 3490 1218 3572 statuimus,
1249 3488 1282 3553 id

163 3595 237 3671 apte
264 3588 368 3652 facere
399 3612 462 3654 non
483 3593 583 3676 potuit
594 3589 662 3655 'nisi
681 3589 831 3655 absolutis
863 3590 1007 3655 omnibus
1037 3588 1186 3655 orationis
1213 3611 1282 3676 par·

163 3685 268 3766 tibus,
308 3685 340 3749 in
377 3707 505 3770 quarum
543 3691 677 3774 quinque
705 3691 903 3757 inveniuntur
935 3690 1074 3757 enclitica
1102 3690 1280 3773 quaedam.

165 3781 233 3848 Cur
264 3795 368 3850 autem
397 3809 438 3853 ex
465 3792 546 3857 libro
567 3791 640 3859 XV.
669 3792 732 3857 iam
753 3793 826 3857 satis
848 3791 984 3879 amplam
1007 3790 1166 3856 doctrinae
1187 3798 1282 3854 mate·

163 3883 244 3947 riam
273 3884 442 3948 continenti
469 3889 612 3957 tribuerit
639 3901 735 3976 atque
763 3893 824 3958 hoc
853 3892 946 3957 modo
973 3890 1066 3957 totius
1089 3891 1129 3956 de
1150 3891 1283 3956 accenti-

164 3982 222 4047 bus
258 3984 362 4070 operis
402 3985 543 4053 ordinem
590 3993 769 4076 ceteroquin
813 3992 1049 4075 diligentissime
1088 3992 1282 4056 observatam

165 4083 354 4167 turbaverit,
384 4106 476 4153 causa
507 4090 647 4179 intellegi
675 4093 782 4176 nequit
798 4093 836 4177 ¹).
880 4092 940 4157 His
961 4091 1057 4176 igitur
1079 4089 1282 4156 consideratis

225 4295 248 4364 ¹]
269 4298 317 4350 Eas
336 4300 413 4351 huius
430 4301 468 4351 rei
486 4318 585 4367 causas,
604 4320 667 4370 quaa
687 4306 723 4354 M.
743 4304 901 4357 Schmidtius
919 4305 998 4372 (Phil.
1029 4305 1058 4358 15
1078 4320 1105 4369 p.
1124 4302 1184 4371 513)
1209 4303 1281 4355 inre·
