<?xml version="1.0" encoding="UTF-8"?>
<!DOCTYPE html PUBLIC "-//W3C//DTD XHTML 1.0 Transitional//EN"
    "http://www.w3.org/TR/xhtml1/DTD/xhtml1-transitional.dtd">
<html xmlns="http://www.w3.org/1999/xhtml" xml:lang="en" lang="en">
 <head>
  <title>
</title>
<meta http-equiv="Content-Type" content="text/html;charset=utf-8" />
  <meta name='ocr-system' content='tesseract 3.04.00' />
  <meta name='ocr-capabilities' content='ocr_page ocr_carea ocr_par ocr_line ocrx_word'/>
</head>
<body>
  <div class='ocr_page' id='page_1' title='image "./quaestioneshero00hillgoog_0053.png"; bbox 0 0 3009 4709; ppageno 0'>
   <div class='ocr_carea' id='block_1_1' title="bbox 664 369 815 475">
    <p class='ocr_par' dir='ltr' id='par_1_1' title="bbox 664 369 815 475">
     <span class='ocr_line' id='line_1_1' title="bbox 688 369 759 444; baseline 0.014 -1"><span class='ocrx_word' id='word_1_1' title='bbox 688 369 759 444; x_wconf 53' lang='lat' dir='ltr'>.ss</span> 
     </span>
     <span class='ocr_line' id='line_1_2' title="bbox 664 461 815 475; baseline -0.007 0"><span class='ocrx_word' id='word_1_2' title='bbox 664 461 815 475; x_wconf 39' lang='lat' dir='ltr'>wmffl</span> 
     </span>
    </p>
   </div>
   <div class='ocr_carea' id='block_1_2' title="bbox 176 594 1297 1280">
    <p class='ocr_par' dir='ltr' id='par_1_2' title="bbox 176 594 1297 1181">
     <span class='ocr_line' id='line_1_3' title="bbox 176 594 1294 682; baseline -0.002 -19"><span class='ocrx_word' id='word_1_3' title='bbox 176 597 314 664; x_wconf 88' lang='lat' dir='ltr'>stantiva</span> <span class='ocrx_word' id='word_1_4' title='bbox 332 607 364 664; x_wconf 89' lang='lat' dir='ltr'>et</span> <span class='ocrx_word' id='word_1_5' title='bbox 383 596 534 662; x_wconf 80' lang='lat' dir='ltr'>adieetiva</span> <span class='ocrx_word' id='word_1_6' title='bbox 554 608 607 660; x_wconf 92' lang='lat' dir='ltr'>aut</span> <span class='ocrx_word' id='word_1_7' title='bbox 628 595 821 661; x_wconf 80' lang='lat' dir='ltr'>substantiva</span> <span class='ocrx_word' id='word_1_8' title='bbox 842 603 873 660; x_wconf 88' lang='lat' dir='ltr'>et</span> <span class='ocrx_word' id='word_1_9' title='bbox 893 596 1018 681; x_wconf 86' lang='lat' dir='ltr'>propria</span> <span class='ocrx_word' id='word_1_10' title='bbox 1051 594 1149 678; x_wconf 83' lang='lat' dir='ltr'>(velut</span> <span class='ocrx_word' id='word_1_11' title='bbox 1170 597 1294 682; x_wconf 78' lang='grc' dir='ltr'>Μαρφή)</span> 
     </span>
     <span class='ocr_line' id='line_1_4' title="bbox 176 694 1295 784; baseline -0.003 -19"><span class='ocrx_word' id='word_1_12' title='bbox 176 711 230 765; x_wconf 89' lang='lat' dir='ltr'>aut</span> <span class='ocrx_word' id='word_1_13' title='bbox 252 697 403 764; x_wconf 88' lang='lat' dir='ltr'>adiectiva</span> <span class='ocrx_word' id='word_1_14' title='bbox 425 708 456 763; x_wconf 93' lang='lat' dir='ltr'>et</span> <span class='ocrx_word' id='word_1_15' title='bbox 476 697 601 784; x_wconf 88' lang='lat' dir='ltr'>propria</span> <span class='ocrx_word' id='word_1_16' title='bbox 625 695 723 779; x_wconf 80' lang='lat' dir='ltr'>(velut</span> <span class='ocrx_word' id='word_1_17' title='bbox 744 695 856 778; x_wconf 72' lang='grc' dir='ltr'>Κλυτῄ)</span> <span class='ocrx_word' id='word_1_18' title='bbox 885 705 956 758; x_wconf 88' lang='lat' dir='ltr'>sunt</span> <span class='ocrx_word' id='word_1_19' title='bbox 978 694 1079 777; x_wconf 84' lang='lat' dir='ltr'><strong>deque</strong></span> <span class='ocrx_word' id='word_1_20' title='bbox 1100 719 1207 762; x_wconf 90' lang='lat' dir='ltr'>eorum</span> <span class='ocrx_word' id='word_1_21' title='bbox 1229 720 1295 781; x_wconf 84' lang='lat' dir='ltr'>usu,</span> 
     </span>
     <span class='ocr_line' id='line_1_5' title="bbox 176 793 1297 881; baseline -0.001 -18"><span class='ocrx_word' id='word_1_22' title='bbox 176 793 369 879; x_wconf 80' lang='lat' dir='ltr'>differentiis,</span> <span class='ocrx_word' id='word_1_23' title='bbox 391 796 545 863; x_wconf 81' lang='lat' dir='ltr'>formandi</span> <span class='ocrx_word' id='word_1_24' title='bbox 567 796 685 862; x_wconf 88' lang='lat' dir='ltr'>ratione</span> <span class='ocrx_word' id='word_1_25' title='bbox 706 819 778 862; x_wconf 90' lang='lat' dir='ltr'>eum</span> <span class='ocrx_word' id='word_1_26' title='bbox 801 794 901 881; x_wconf 79' lang='lat' dir='ltr'>egisse</span> <span class='ocrx_word' id='word_1_27' title='bbox 927 794 1075 860; x_wconf 81' lang='lat' dir='ltr'>credibile</span> <span class='ocrx_word' id='word_1_28' title='bbox 1096 806 1151 860; x_wconf 87' lang='lat' dir='ltr'>est.</span> <span class='ocrx_word' id='word_1_29' title='bbox 1195 797 1297 863; x_wconf 87' lang='lat' dir='ltr'>Maior</span> 
     </span>
     <span class='ocr_line' id='line_1_6' title="bbox 176 895 1294 984; baseline -0.003 -19"><span class='ocrx_word' id='word_1_30' title='bbox 176 901 242 965; x_wconf 89' lang='lat' dir='ltr'>eius</span> <span class='ocrx_word' id='word_1_31' title='bbox 264 898 336 964; x_wconf 82' lang='lat' dir='ltr'>libri</span> <span class='ocrx_word' id='word_1_32' title='bbox 357 919 428 984; x_wconf 84' lang='lat' dir='ltr'>pars</span> <span class='ocrx_word' id='word_1_33' title='bbox 448 897 621 962; x_wconf 80' lang='lat' dir='ltr'>necessario</span> <span class='ocrx_word' id='word_1_34' title='bbox 641 897 673 960; x_wconf 91' lang='lat' dir='ltr'>in</span> <span class='ocrx_word' id='word_1_35' title='bbox 688 906 870 960; x_wconf 79' lang='lat' dir='ltr'>accentuum</span> <span class='ocrx_word' id='word_1_36' title='bbox 893 895 1072 962; x_wconf 76' lang='lat' dir='ltr'>diberentiis</span> <span class='ocrx_word' id='word_1_37' title='bbox 1094 906 1140 961; x_wconf 88' lang='lat' dir='ltr'>est</span> <span class='ocrx_word' id='word_1_38' title='bbox 1158 909 1294 981; x_wconf 62' lang='lat' dir='ltr'>versatae</span> 
     </span>
     <span class='ocr_line' id='line_1_7' title="bbox 177 994 1294 1081; baseline -0.001 -18"><span class='ocrx_word' id='word_1_39' title='bbox 177 999 231 1065; x_wconf 81' lang='lat' dir='ltr'>aed</span> <span class='ocrx_word' id='word_1_40' title='bbox 253 1001 378 1063; x_wconf 87' lang='lat' dir='ltr'>unicum</span> <span class='ocrx_word' id='word_1_41' title='bbox 399 997 482 1081; x_wconf 88' lang='lat' dir='ltr'>quod</span> <span class='ocrx_word' id='word_1_42' title='bbox 504 1006 643 1080; x_wconf 84' lang='lat' dir='ltr'>superest</span> <span class='ocrx_word' id='word_1_43' title='bbox 663 996 871 1078; x_wconf 78' lang='lat' dir='ltr'>fragmentum</span> <span class='ocrx_word' id='word_1_44' title='bbox 887 994 1087 1073; x_wconf 80' lang='lat' dir='ltr'>demonstrat,</span> <span class='ocrx_word' id='word_1_45' title='bbox 1109 996 1208 1062; x_wconf 89' lang='lat' dir='ltr'>virum</span> <span class='ocrx_word' id='word_1_46' title='bbox 1224 999 1294 1064; x_wconf 87' lang='lat' dir='ltr'>doe-</span> 
     </span>
     <span class='ocr_line' id='line_1_8' title="bbox 176 1096 1294 1181; baseline 0.003 -19"><span class='ocrx_word' id='word_1_47' title='bbox 176 1098 327 1163; x_wconf 89' lang='lat' dir='ltr'>tissimum</span> <span class='ocrx_word' id='word_1_48' title='bbox 355 1098 514 1162; x_wconf 79' lang='lat' dir='ltr'>occasione</span> <span class='ocrx_word' id='word_1_49' title='bbox 544 1096 616 1159; x_wconf 87' lang='lat' dir='ltr'>data</span> <span class='ocrx_word' id='word_1_50' title='bbox 637 1096 728 1161; x_wconf 84' lang='lat' dir='ltr'>etiam</span> <span class='ocrx_word' id='word_1_51' title='bbox 749 1096 932 1181; x_wconf 87' lang='lat' dir='ltr'>mytborum</span> <span class='ocrx_word' id='word_1_52' title='bbox 959 1096 1109 1162; x_wconf 87' lang='lat' dir='ltr'>rationem</span> <span class='ocrx_word' id='word_1_53' title='bbox 1139 1098 1294 1165; x_wconf 88' lang='lat' dir='ltr'>habuisse.</span> 
     </span>
    </p>

    <p class='ocr_par' dir='ltr' id='par_1_3' title="bbox 240 1192 1294 1280">
     <span class='ocr_line' id='line_1_9' title="bbox 240 1192 1294 1280; baseline 0.001 -16"><span class='ocrx_word' id='word_1_54' title='bbox 240 1198 486 1264; x_wconf 78' lang='lat' dir='ltr'>Commentarius</span> <span class='ocrx_word' id='word_1_55' title='bbox 507 1196 574 1279; x_wconf 76' lang='grc' dir='ltr'>περὶ</span> <span class='ocrx_word' id='word_1_56' title='bbox 586 1193 728 1280; x_wconf 71' lang='grc' dir='ltr'>ῥημάτων</span> <span class='ocrx_word' id='word_1_57' title='bbox 750 1198 816 1261; x_wconf 81' lang='lat' dir='ltr'>sire</span> <span class='ocrx_word' id='word_1_58' title='bbox 836 1194 904 1279; x_wconf 76' lang='grc' dir='ltr'>περὶ</span> <span class='ocrx_word' id='word_1_59' title='bbox 923 1192 1053 1278; x_wconf 76' lang='grc' dir='ltr'>ῥήματος</span> <span class='ocrx_word' id='word_1_60' title='bbox 1067 1202 1093 1280; x_wconf 72' lang='grc'>1)</span> <span class='ocrx_word' id='word_1_61' title='bbox 1116 1220 1179 1261; x_wconf 80' lang='grc' dir='ltr'>παπ</span> <span class='ocrx_word' id='word_1_62' title='bbox 1194 1198 1294 1265; x_wconf 90' lang='lat' dir='ltr'>solum</span> 
     </span>
    </p>
   </div>
   <div class='ocr_carea' id='block_1_3' title="bbox 73 1296 1294 1382">
    <p class='ocr_par' dir='ltr' id='par_1_4' title="bbox 73 1296 1294 1382">
     <span class='ocr_line' id='line_1_10' title="bbox 73 1296 1294 1382; baseline 0.002 -20"><span class='ocrx_word' id='word_1_63' title='bbox 73 1313 78 1320; x_wconf 83' lang='lat'>&#39;</span> <span class='ocrx_word' id='word_1_64' title='bbox 177 1319 237 1382; x_wconf 88' lang='lat' dir='ltr'>qua</span> <span class='ocrx_word' id='word_1_65' title='bbox 258 1299 378 1363; x_wconf 89' lang='lat' dir='ltr'>ratione</span> <span class='ocrx_word' id='word_1_66' title='bbox 399 1298 584 1382; x_wconf 86' lang='lat' dir='ltr'>compositus</span> <span class='ocrx_word' id='word_1_67' title='bbox 605 1296 698 1362; x_wconf 86' lang='lat' dir='ltr'>fuerit</span> <span class='ocrx_word' id='word_1_68' title='bbox 718 1299 808 1362; x_wconf 90' lang='lat' dir='ltr'>nobis</span> <span class='ocrx_word' id='word_1_69' title='bbox 829 1297 1022 1381; x_wconf 85' lang='lat' dir='ltr'>incognitum</span> <span class='ocrx_word' id='word_1_70' title='bbox 1043 1307 1098 1379; x_wconf 82' lang='lat' dir='ltr'>est,</span> <span class='ocrx_word' id='word_1_71' title='bbox 1126 1299 1179 1363; x_wconf 88' lang='lat' dir='ltr'>sed</span> <span class='ocrx_word' id='word_1_72' title='bbox 1201 1300 1294 1365; x_wconf 81' lang='lat' dir='ltr'>etiam</span> 
     </span>
    </p>
   </div>
   <div class='ocr_carea' id='block_1_4' title="bbox 167 1396 1295 4386">
    <p class='ocr_par' dir='ltr' id='par_1_5' title="bbox 167 1396 1295 4386">
     <span class='ocr_line' id='line_1_11' title="bbox 177 1396 1295 1483; baseline 0.003 -21"><span class='ocrx_word' id='word_1_73' title='bbox 177 1399 338 1480; x_wconf 75' lang='lat' dir='ltr'>nescimus,</span> <span class='ocrx_word' id='word_1_74' title='bbox 371 1422 444 1463; x_wconf 91' lang='lat' dir='ltr'>num</span> <span class='ocrx_word' id='word_1_75' title='bbox 474 1397 600 1463; x_wconf 87' lang='lat' dir='ltr'>omnino</span> <span class='ocrx_word' id='word_1_76' title='bbox 634 1396 834 1462; x_wconf 87' lang='lat' dir='ltr'>Herodianus</span> <span class='ocrx_word' id='word_1_77' title='bbox 866 1418 936 1460; x_wconf 91' lang='lat' dir='ltr'>cum</span> <span class='ocrx_word' id='word_1_78' title='bbox 967 1397 1141 1483; x_wconf 84' lang='lat' dir='ltr'>perfecerit.</span> <span class='ocrx_word' id='word_1_79' title='bbox 1184 1398 1295 1482; x_wconf 87' lang='lat' dir='ltr'>Neque</span> 
     </span>
     <span class='ocr_line' id='line_1_12' title="bbox 179 1496 1294 1582; baseline 0.004 -20"><span class='ocrx_word' id='word_1_80' title='bbox 179 1498 262 1564; x_wconf 93' lang='lat' dir='ltr'>enim</span> <span class='ocrx_word' id='word_1_81' title='bbox 291 1509 420 1580; x_wconf 81' lang='lat' dir='ltr'>usquam</span> <span class='ocrx_word' id='word_1_82' title='bbox 461 1517 531 1560; x_wconf 89' lang='lat' dir='ltr'>eum</span> <span class='ocrx_word' id='word_1_83' title='bbox 564 1496 651 1578; x_wconf 81' lang='lat' dir='ltr'>quasi</span> <span class='ocrx_word' id='word_1_84' title='bbox 681 1497 744 1561; x_wconf 88' lang='lat' dir='ltr'>iam</span> <span class='ocrx_word' id='word_1_85' title='bbox 780 1497 895 1561; x_wconf 87' lang='lat' dir='ltr'>editum</span> <span class='ocrx_word' id='word_1_86' title='bbox 928 1509 1158 1579; x_wconf 84' lang='lat' dir='ltr'>commemorat,</span> <span class='ocrx_word' id='word_1_87' title='bbox 1192 1519 1294 1582; x_wconf 89' lang='lat' dir='ltr'>neque</span> 
     </span>
     <span class='ocr_line' id='line_1_13' title="bbox 178 1597 1295 1684; baseline 0.003 -23"><span class='ocrx_word' id='word_1_88' title='bbox 178 1599 339 1681; x_wconf 86' lang='lat' dir='ltr'>quisquam</span> <span class='ocrx_word' id='word_1_89' title='bbox 362 1599 566 1684; x_wconf 83' lang='lat' dir='ltr'>posteriorum</span> <span class='ocrx_word' id='word_1_90' title='bbox 588 1598 861 1681; x_wconf 85' lang='lat' dir='ltr'>grammaticorum</span> <span class='ocrx_word' id='word_1_91' title='bbox 882 1617 953 1659; x_wconf 87' lang='lat' dir='ltr'>euru</span> <span class='ocrx_word' id='word_1_92' title='bbox 976 1597 1057 1677; x_wconf 84' lang='lat' dir='ltr'>citat,</span> <span class='ocrx_word' id='word_1_93' title='bbox 1079 1598 1161 1679; x_wconf 88' lang='lat' dir='ltr'>qued</span> <span class='ocrx_word' id='word_1_94' title='bbox 1182 1600 1215 1663; x_wconf 89' lang='lat' dir='ltr'>in</span> <span class='ocrx_word' id='word_1_95' title='bbox 1236 1600 1295 1664; x_wconf 89' lang='lat' dir='ltr'>bae</span> 
     </span>
     <span class='ocr_line' id='line_1_14' title="bbox 174 1696 1294 1783; baseline 0.002 -21"><span class='ocrx_word' id='word_1_96' title='bbox 174 1698 303 1762; x_wconf 89' lang='lat' dir='ltr'>materia</span> <span class='ocrx_word' id='word_1_97' title='bbox 326 1721 388 1763; x_wconf 91' lang='lat' dir='ltr'>non</span> <span class='ocrx_word' id='word_1_98' title='bbox 410 1719 534 1783; x_wconf 79' lang='lat' dir='ltr'>possum</span> <span class='ocrx_word' id='word_1_99' title='bbox 557 1719 618 1760; x_wconf 89' lang='lat' dir='ltr'>nen</span> <span class='ocrx_word' id='word_1_100' title='bbox 639 1696 753 1762; x_wconf 87' lang='lat' dir='ltr'>mirari.</span> <span class='ocrx_word' id='word_1_101' title='bbox 798 1697 1036 1762; x_wconf 79' lang='lat' dir='ltr'>Choeroboscus</span> <span class='ocrx_word' id='word_1_102' title='bbox 1056 1696 1089 1760; x_wconf 90' lang='lat' dir='ltr'>in</span> <span class='ocrx_word' id='word_1_103' title='bbox 1112 1698 1232 1763; x_wconf 87' lang='lat' dir='ltr'>dietatis</span> <span class='ocrx_word' id='word_1_104' title='bbox 1255 1699 1294 1765; x_wconf 86' lang='lat' dir='ltr'>de</span> 
     </span>
     <span class='ocr_line' id='line_1_15' title="bbox 174 1794 1293 1882; baseline 0.001 -19"><span class='ocrx_word' id='word_1_105' title='bbox 174 1800 351 1865; x_wconf 86' lang='lat' dir='ltr'>nominibus</span> <span class='ocrx_word' id='word_1_106' title='bbox 375 1798 414 1861; x_wconf 92' lang='lat' dir='ltr'>ad</span> <span class='ocrx_word' id='word_1_107' title='bbox 437 1796 608 1863; x_wconf 87' lang='lat' dir='ltr'>Herodiani</span> <span class='ocrx_word' id='word_1_108' title='bbox 630 1794 803 1878; x_wconf 73' lang='grc' dir='ltr'>ὀνοματικὸν</span> <span class='ocrx_word' id='word_1_109' title='bbox 825 1817 917 1881; x_wconf 82' lang='lat' dir='ltr'>saepe</span> <span class='ocrx_word' id='word_1_110' title='bbox 940 1809 1103 1882; x_wconf 80' lang='lat' dir='ltr'>provocat3</span> <span class='ocrx_word' id='word_1_111' title='bbox 1137 1798 1177 1863; x_wconf 85' lang='lat' dir='ltr'>(le</span> <span class='ocrx_word' id='word_1_112' title='bbox 1198 1800 1293 1864; x_wconf 85' lang='lat' dir='ltr'>verbu</span> 
     </span>
     <span class='ocr_line' id='line_1_16' title="bbox 173 1895 1293 1985; baseline 0.001 -22"><span class='ocrx_word' id='word_1_113' title='bbox 173 1909 279 1964; x_wconf 85' lang='lat' dir='ltr'>autem</span> <span class='ocrx_word' id='word_1_114' title='bbox 311 1918 409 1985; x_wconf 80' lang='lat' dir='ltr'>agens</span> <span class='ocrx_word' id='word_1_115' title='bbox 430 1896 643 1961; x_wconf 88' lang='lat' dir='ltr'>Herodianum</span> <span class='ocrx_word' id='word_1_116' title='bbox 665 1896 790 1977; x_wconf 89' lang='lat' dir='ltr'>quidem</span> <span class='ocrx_word' id='word_1_117' title='bbox 812 1895 885 1960; x_wconf 84' lang='lat' dir='ltr'>citat</span> <span class='ocrx_word' id='word_1_118' title='bbox 913 1898 1045 1980; x_wconf 73' lang='lat' dir='ltr'>(etquis</span> <span class='ocrx_word' id='word_1_119' title='bbox 1068 1899 1239 1983; x_wconf 84' lang='lat' dir='ltr'>negaverit,</span> <span class='ocrx_word' id='word_1_120' title='bbox 1262 1901 1293 1964; x_wconf 92' lang='lat' dir='ltr'>in</span> 
     </span>
     <span class='ocr_line' id='line_1_17' title="bbox 174 1996 1292 2084; baseline -0.002 -21"><span class='ocrx_word' id='word_1_121' title='bbox 174 1999 285 2065; x_wconf 89' lang='lat' dir='ltr'>ceteris</span> <span class='ocrx_word' id='word_1_122' title='bbox 309 2018 433 2081; x_wconf 87' lang='lat' dir='ltr'>quoque</span> <span class='ocrx_word' id='word_1_123' title='bbox 455 1997 520 2063; x_wconf 85' lang='lat' dir='ltr'>eius</span> <span class='ocrx_word' id='word_1_124' title='bbox 540 1996 660 2081; x_wconf 89' lang='lat' dir='ltr'>seriptis</span> <span class='ocrx_word' id='word_1_125' title='bbox 688 1996 844 2082; x_wconf 88' lang='lat' dir='ltr'>permulta</span> <span class='ocrx_word' id='word_1_126' title='bbox 876 1996 1066 2060; x_wconf 87' lang='lat' dir='ltr'>adverbum</span> <span class='ocrx_word' id='word_1_127' title='bbox 1093 2010 1246 2084; x_wconf 88' lang='lat' dir='ltr'>spectasse</span> <span class='ocrx_word' id='word_1_128' title='bbox 1254 1998 1292 2083; x_wconf 73' lang='lat' dir='ltr'>l),</span> 
     </span>
     <span class='ocr_line' id='line_1_18' title="bbox 175 2094 1293 2183; baseline 0.003 -21"><span class='ocrx_word' id='word_1_129' title='bbox 175 2117 276 2181; x_wconf 84' lang='lat' dir='ltr'>neque</span> <span class='ocrx_word' id='word_1_130' title='bbox 298 2110 401 2163; x_wconf 89' lang='lat' dir='ltr'>tamen</span> <span class='ocrx_word' id='word_1_131' title='bbox 421 2098 520 2177; x_wconf 82' lang='lat' dir='ltr'>huius,</span> <span class='ocrx_word' id='word_1_132' title='bbox 542 2096 598 2162; x_wconf 91' lang='lat' dir='ltr'>sed</span> <span class='ocrx_word' id='word_1_133' title='bbox 619 2096 781 2182; x_wconf 87' lang='lat' dir='ltr'>Apollonii</span> <span class='ocrx_word' id='word_1_134' title='bbox 804 2094 963 2179; x_wconf 70' lang='grc' dir='ltr'><strong>ῥηματικὸν</strong></span> <span class='ocrx_word' id='word_1_135' title='bbox 995 2096 1144 2162; x_wconf 86' lang='lat' dir='ltr'>nominat.</span> <span class='ocrx_word' id='word_1_136' title='bbox 1186 2103 1293 2183; x_wconf 88' lang='lat' dir='ltr'>Atque</span> 
     </span>
     <span class='ocr_line' id='line_1_19' title="bbox 175 2195 1293 2285; baseline 0.004 -23"><span class='ocrx_word' id='word_1_137' title='bbox 175 2200 277 2263; x_wconf 87' lang='lat' dir='ltr'>animo</span> <span class='ocrx_word' id='word_1_138' title='bbox 296 2199 370 2263; x_wconf 89' lang='lat' dir='ltr'>mihi</span> <span class='ocrx_word' id='word_1_139' title='bbox 393 2200 528 2285; x_wconf 92' lang='lat' dir='ltr'>perbene</span> <span class='ocrx_word' id='word_1_140' title='bbox 538 2196 690 2282; x_wconf 81' lang='lat' dir='ltr'>effingere</span> <span class='ocrx_word' id='word_1_141' title='bbox 711 2219 847 2283; x_wconf 85' lang='lat' dir='ltr'>pessum,</span> <span class='ocrx_word' id='word_1_142' title='bbox 870 2195 1087 2262; x_wconf 86' lang='lat' dir='ltr'>Herodianum</span> <span class='ocrx_word' id='word_1_143' title='bbox 1108 2200 1293 2284; x_wconf 87' lang='lat' dir='ltr'>permultos</span> 
     </span>
     <span class='ocr_line' id='line_1_20' title="bbox 175 2295 1292 2386; baseline 0.005 -25"><span class='ocrx_word' id='word_1_144' title='bbox 175 2321 270 2364; x_wconf 89' lang='lat' dir='ltr'>annes</span> <span class='ocrx_word' id='word_1_145' title='bbox 293 2300 324 2364; x_wconf 91' lang='lat' dir='ltr'>in</span> <span class='ocrx_word' id='word_1_146' title='bbox 347 2295 568 2364; x_wconf 87' lang='lat' dir='ltr'>elaborandam</span> <span class='ocrx_word' id='word_1_147' title='bbox 590 2296 629 2361; x_wconf 86' lang='lat' dir='ltr'>de</span> <span class='ocrx_word' id='word_1_148' title='bbox 643 2298 744 2361; x_wconf 81' lang='lat' dir='ltr'>verbis</span> <span class='ocrx_word' id='word_1_149' title='bbox 765 2296 936 2360; x_wconf 89' lang='lat' dir='ltr'>doctrinam</span> <span class='ocrx_word' id='word_1_150' title='bbox 957 2297 1130 2364; x_wconf 82' lang='lat' dir='ltr'>incubuisse</span> <span class='ocrx_word' id='word_1_151' title='bbox 1152 2322 1188 2363; x_wconf 88' lang='lat' dir='ltr'>ae</span> <span class='ocrx_word' id='word_1_152' title='bbox 1201 2323 1292 2386; x_wconf 88' lang='lat' dir='ltr'>saepe</span> 
     </span>
     <span class='ocr_line' id='line_1_21' title="bbox 177 2395 1292 2485; baseline 0.004 -24"><span class='ocrx_word' id='word_1_153' title='bbox 177 2399 218 2462; x_wconf 90' lang='lat' dir='ltr'>ad</span> <span class='ocrx_word' id='word_1_154' title='bbox 238 2421 312 2485; x_wconf 92' lang='lat' dir='ltr'>epus</span> <span class='ocrx_word' id='word_1_155' title='bbox 325 2422 392 2465; x_wconf 91' lang='lat' dir='ltr'>eam</span> <span class='ocrx_word' id='word_1_156' title='bbox 413 2400 630 2484; x_wconf 81' lang='lat' dir='ltr'>complectens,</span> <span class='ocrx_word' id='word_1_157' title='bbox 653 2396 708 2463; x_wconf 85' lang='lat' dir='ltr'>etsi</span> <span class='ocrx_word' id='word_1_158' title='bbox 731 2395 871 2460; x_wconf 87' lang='lat' dir='ltr'>nondum</span> <span class='ocrx_word' id='word_1_159' title='bbox 891 2395 1061 2480; x_wconf 75' lang='lat' dir='ltr'>perfecerit,</span> <span class='ocrx_word' id='word_1_160' title='bbox 1086 2397 1119 2461; x_wconf 91' lang='lat' dir='ltr'>in</span> <span class='ocrx_word' id='word_1_161' title='bbox 1131 2398 1217 2464; x_wconf 89' lang='lat' dir='ltr'>libris</span> <span class='ocrx_word' id='word_1_162' title='bbox 1230 2402 1292 2465; x_wconf 85' lang='lat' dir='ltr'>iam</span> 
     </span>
     <span class='ocr_line' id='line_1_22' title="bbox 175 2496 1291 2586; baseline 0.003 -24"><span class='ocrx_word' id='word_1_163' title='bbox 175 2498 318 2585; x_wconf 81' lang='lat' dir='ltr'>perfectis</span> <span class='ocrx_word' id='word_1_164' title='bbox 338 2520 531 2586; x_wconf 83' lang='lat' dir='ltr'>provocasse,</span> <span class='ocrx_word' id='word_1_165' title='bbox 554 2517 657 2578; x_wconf 86' lang='lat' dir='ltr'>neque</span> <span class='ocrx_word' id='word_1_166' title='bbox 669 2508 774 2562; x_wconf 88' lang='lat' dir='ltr'>tamen</span> <span class='ocrx_word' id='word_1_167' title='bbox 790 2496 829 2560; x_wconf 87' lang='lat' dir='ltr'>ad</span> <span class='ocrx_word' id='word_1_168' title='bbox 843 2496 937 2561; x_wconf 88' lang='lat' dir='ltr'>finem</span> <span class='ocrx_word' id='word_1_169' title='bbox 950 2498 1140 2584; x_wconf 78' lang='lat' dir='ltr'>pervenisse.</span> <span class='ocrx_word' id='word_1_170' title='bbox 1163 2499 1291 2586; x_wconf 84' lang='lat' dir='ltr'>Cogites</span> 
     </span>
     <span class='ocr_line' id='line_1_23' title="bbox 176 2595 1291 2684; baseline 0.005 -24"><span class='ocrx_word' id='word_1_171' title='bbox 176 2617 310 2680; x_wconf 84' lang='lat' dir='ltr'>quaeso,</span> <span class='ocrx_word' id='word_1_172' title='bbox 332 2610 521 2684; x_wconf 86' lang='lat' dir='ltr'>quantopere</span> <span class='ocrx_word' id='word_1_173' title='bbox 557 2599 636 2663; x_wconf 86' lang='lat' dir='ltr'>haee</span> <span class='ocrx_word' id='word_1_174' title='bbox 663 2597 803 2662; x_wconf 88' lang='lat' dir='ltr'>doctrina</span> <span class='ocrx_word' id='word_1_175' title='bbox 824 2598 912 2681; x_wconf 82' lang='lat' dir='ltr'>leges</span> <span class='ocrx_word' id='word_1_176' title='bbox 941 2595 980 2660; x_wconf 89' lang='lat' dir='ltr'>de</span> <span class='ocrx_word' id='word_1_177' title='bbox 1003 2598 1176 2664; x_wconf 88' lang='lat' dir='ltr'>nominibus</span> <span class='ocrx_word' id='word_1_178' title='bbox 1198 2610 1291 2667; x_wconf 87' lang='lat' dir='ltr'>mate·</span> 
     </span>
     <span class='ocr_line' id='line_1_24' title="bbox 172 2697 1290 2784; baseline 0.006 -25"><span class='ocrx_word' id='word_1_179' title='bbox 172 2697 238 2762; x_wconf 86' lang='lat' dir='ltr'>riae</span> <span class='ocrx_word' id='word_1_180' title='bbox 259 2697 460 2784; x_wconf 85' lang='lat' dir='ltr'>amplitudine</span> <span class='ocrx_word' id='word_1_181' title='bbox 492 2709 524 2763; x_wconf 92' lang='lat' dir='ltr'>et</span> <span class='ocrx_word' id='word_1_182' title='bbox 554 2698 734 2763; x_wconf 77' lang='lat' dir='ltr'>difficultate</span> <span class='ocrx_word' id='word_1_183' title='bbox 766 2697 968 2784; x_wconf 86' lang='lat' dir='ltr'>superaverit,</span> <span class='ocrx_word' id='word_1_184' title='bbox 1006 2700 1187 2783; x_wconf 87' lang='lat' dir='ltr'>praesertim</span> <span class='ocrx_word' id='word_1_185' title='bbox 1220 2722 1290 2767; x_wconf 91' lang='lat' dir='ltr'>curn</span> 
     </span>
     <span class='ocr_line' id='line_1_25' title="bbox 172 2794 1290 2882; baseline 0.003 -19"><span class='ocrx_word' id='word_1_186' title='bbox 172 2799 302 2863; x_wconf 88' lang='lat' dir='ltr'>emnia</span> <span class='ocrx_word' id='word_1_187' title='bbox 324 2800 420 2863; x_wconf 86' lang='lat' dir='ltr'>verba</span> <span class='ocrx_word' id='word_1_188' title='bbox 451 2800 558 2880; x_wconf 80' lang='lat' dir='ltr'>(etiam</span> <span class='ocrx_word' id='word_1_189' title='bbox 580 2794 662 2879; x_wconf 74' lang='grc' dir='ltr'>εἶναι,</span> <span class='ocrx_word' id='word_1_190' title='bbox 692 2795 1124 2882; x_wconf 64' lang='lat' dir='ltr'>adnumeretur)</span> <span class='ocrx_word' id='word_1_191' title='bbox 1158 2809 1290 2867; x_wconf 84' lang='lat' dir='ltr'>tractare</span> 
     </span>
     <span class='ocr_line' id='line_1_26' title="bbox 170 2896 1290 2987; baseline 0.005 -27"><span class='ocrx_word' id='word_1_192' title='bbox 170 2898 388 2981; x_wconf 81' lang='lat' dir='ltr'>grammaticus</span> <span class='ocrx_word' id='word_1_193' title='bbox 425 2898 481 2963; x_wconf 93' lang='lat' dir='ltr'>sibi</span> <span class='ocrx_word' id='word_1_194' title='bbox 510 2898 714 2987; x_wconf 83' lang='lat' dir='ltr'>preposuerit.</span> <span class='ocrx_word' id='word_1_195' title='bbox 758 2896 856 2962; x_wconf 88' lang='lat' dir='ltr'>Liber</span> <span class='ocrx_word' id='word_1_196' title='bbox 884 2896 952 2979; x_wconf 78' lang='lat' dir='ltr'>napi</span> <span class='ocrx_word' id='word_1_197' title='bbox 979 2901 1037 2959; x_wconf 77' lang='grc' dir='ltr'>τῶν</span> <span class='ocrx_word' id='word_1_198' title='bbox 1068 2896 1109 2971; x_wconf 79' lang='grc' dir='ltr'>εἰς</span> <span class='ocrx_word' id='word_1_199' title='bbox 1138 2921 1168 2981; x_wconf 86' lang='grc' dir='ltr'>μι</span> <span class='ocrx_word' id='word_1_200' title='bbox 1197 2901 1290 2983; x_wconf 87' lang='lat' dir='ltr'>(adZ</span> 
     </span>
     <span class='ocr_line' id='line_1_27' title="bbox 170 2994 1291 3087; baseline 0.004 -25"><span class='ocrx_word' id='word_1_201' title='bbox 170 2998 244 3079; x_wconf 80' lang='lat'><strong>336)</strong></span> <span class='ocrx_word' id='word_1_202' title='bbox 266 3009 371 3063; x_wconf 90' lang='lat' dir='ltr'>utrum</span> <span class='ocrx_word' id='word_1_203' title='bbox 381 3022 437 3086; x_wconf 91' lang='lat' dir='ltr'>pro</span> <span class='ocrx_word' id='word_1_204' title='bbox 451 3010 541 3085; x_wconf 86' lang='lat' dir='ltr'>parte</span> <span class='ocrx_word' id='word_1_205' title='bbox 556 2999 660 3085; x_wconf 86' lang='lat' dir='ltr'>magni</span> <span class='ocrx_word' id='word_1_206' title='bbox 672 2998 762 3062; x_wconf 85' lang='lat' dir='ltr'>buius</span> <span class='ocrx_word' id='word_1_207' title='bbox 774 2996 812 3061; x_wconf 87' lang='lat' dir='ltr'>de</span> <span class='ocrx_word' id='word_1_208' title='bbox 829 2997 932 3062; x_wconf 80' lang='lat' dir='ltr'>verbis</span> <span class='ocrx_word' id='word_1_209' title='bbox 944 2994 1047 3082; x_wconf 89' lang='lat' dir='ltr'>operis</span> <span class='ocrx_word' id='word_1_210' title='bbox 1058 3020 1098 3061; x_wconf 87' lang='lat' dir='ltr'>un</span> <span class='ocrx_word' id='word_1_211' title='bbox 1119 3021 1178 3084; x_wconf 90' lang='lat' dir='ltr'>pre</span> <span class='ocrx_word' id='word_1_212' title='bbox 1198 3023 1291 3087; x_wconf 87' lang='lat' dir='ltr'>peeu·</span> 
     </span>
     <span class='ocr_line' id='line_1_28' title="bbox 169 3096 1287 3183; baseline 0.004 -23"><span class='ocrx_word' id='word_1_213' title='bbox 169 3096 238 3161; x_wconf 82' lang='lat' dir='ltr'>lieri</span> <span class='ocrx_word' id='word_1_214' title='bbox 259 3097 338 3162; x_wconf 92' lang='lat' dir='ltr'>libre</span> <span class='ocrx_word' id='word_1_215' title='bbox 360 3097 519 3164; x_wconf 83' lang='lat' dir='ltr'>habendus</span> <span class='ocrx_word' id='word_1_216' title='bbox 539 3101 586 3181; x_wconf 79' lang='lat' dir='ltr'>sit,</span> <span class='ocrx_word' id='word_1_217' title='bbox 609 3100 768 3164; x_wconf 87' lang='lat' dir='ltr'>nescimus.</span> <span class='ocrx_word' id='word_1_218' title='bbox 813 3098 908 3163; x_wconf 79' lang='lat' dir='ltr'>Certe</span> <span class='ocrx_word' id='word_1_219' title='bbox 932 3098 1044 3163; x_wconf 91' lang='lat' dir='ltr'>librum</span> <span class='ocrx_word' id='word_1_220' title='bbox 1060 3099 1287 3183; x_wconf 64' lang='lat' dir='ltr'>nantonense</span> 
     </span>
     <span class='ocr_line' id='line_1_29' title="bbox 170 3197 1290 3285; baseline 0.005 -24"><span class='ocrx_word' id='word_1_221' title='bbox 170 3197 367 3263; x_wconf 88' lang='lat' dir='ltr'>Herodianus</span> <span class='ocrx_word' id='word_1_222' title='bbox 388 3199 516 3284; x_wconf 86' lang='lat' dir='ltr'>perfecit</span> <span class='ocrx_word' id='word_1_223' title='bbox 537 3200 694 3285; x_wconf 81' lang='lat' dir='ltr'>(Theogn.</span> <span class='ocrx_word' id='word_1_224' title='bbox 716 3222 745 3285; x_wconf 91' lang='lat' dir='ltr'>p.</span> <span class='ocrx_word' id='word_1_225' title='bbox 777 3199 1093 3283; x_wconf 77' lang='lat' dir='ltr'>l38,15),praeterea</span> <span class='ocrx_word' id='word_1_226' title='bbox 1114 3200 1290 3283; x_wconf 74' lang='grc' dir='ltr'>μινόβιβλαν</span> 
     </span>
     <span class='ocr_line' id='line_1_30' title="bbox 168 3295 1291 3386; baseline 0.004 -26"><span class='ocrx_word' id='word_1_227' title='bbox 168 3298 237 3379; x_wconf 75' lang='grc' dir='ltr'>περὶ</span> <span class='ocrx_word' id='word_1_228' title='bbox 258 3300 312 3362; x_wconf 77' lang='grc' dir='ltr'>τοῦ</span> <span class='ocrx_word' id='word_1_229' title='bbox 333 3295 369 3382; x_wconf 79' lang='grc' dir='ltr'>ἦν</span> <span class='ocrx_word' id='word_1_230' title='bbox 392 3297 520 3381; x_wconf 81' lang='lat' dir='ltr'>(Choer.</span> <span class='ocrx_word' id='word_1_231' title='bbox 531 3323 562 3386; x_wconf 88' lang='lat' dir='ltr'>p.</span> <span class='ocrx_word' id='word_1_232' title='bbox 575 3300 645 3380; x_wconf 77' lang='lat'>536,</span> <span class='ocrx_word' id='word_1_233' title='bbox 669 3300 718 3382; x_wconf 81' lang='lat'>18)</span> <span class='ocrx_word' id='word_1_234' title='bbox 731 3310 763 3365; x_wconf 89' lang='lat' dir='ltr'>ct</span> <span class='ocrx_word' id='word_1_235' title='bbox 775 3297 856 3362; x_wconf 90' lang='lat' dir='ltr'>aliud</span> <span class='ocrx_word' id='word_1_236' title='bbox 868 3300 1051 3380; x_wconf 67' lang='lat' dir='ltr'>praepetuo,</span> <span class='ocrx_word' id='word_1_237' title='bbox 1074 3297 1103 3362; x_wconf 81' lang='grc' dir='ltr'>ἐν</span> <span class='ocrx_word' id='word_1_238' title='bbox 1116 3295 1144 3384; x_wconf 77' lang='grc' dir='ltr'><em>ᾦ</em></span> <span class='ocrx_word' id='word_1_239' title='bbox 1163 3302 1291 3385; x_wconf 82' lang='grc' dir='ltr'>διαλαμ-</span> 
     </span>
     <span class='ocr_line' id='line_1_31' title="bbox 170 3394 1292 3483; baseline 0.004 -22"><span class='ocrx_word' id='word_1_240' title='bbox 170 3396 249 3479; x_wconf 74' lang='grc' dir='ltr'>βάνει</span> <span class='ocrx_word' id='word_1_241' title='bbox 274 3398 414 3482; x_wconf 72' lang='grc' dir='ltr'>περὶτοῦ</span> <span class='ocrx_word' id='word_1_242' title='bbox 443 3397 481 3483; x_wconf 76' lang='grc' dir='ltr'><em>μή</em></span> <span class='ocrx_word' id='word_1_243' title='bbox 513 3394 607 3464; x_wconf 73' lang='grc' dir='ltr'>πάντα</span> <span class='ocrx_word' id='word_1_244' title='bbox 632 3396 670 3462; x_wconf 84' lang='grc' dir='ltr'>τὰ</span> <span class='ocrx_word' id='word_1_245' title='bbox 689 3400 806 3483; x_wconf 59' lang='lat' dir='ltr'>pigmen</span> <span class='ocrx_word' id='word_1_246' title='bbox 832 3399 983 3461; x_wconf 72' lang='grc' dir='ltr'>κλίνεαθαι</span> <span class='ocrx_word' id='word_1_247' title='bbox 1014 3395 1055 3468; x_wconf 82' lang='grc' dir='ltr'>εἷς</span> <span class='ocrx_word' id='word_1_248' title='bbox 1087 3397 1197 3473; x_wconf 81' lang='grc' dir='ltr'>πάντας</span> <span class='ocrx_word' id='word_1_249' title='bbox 1222 3401 1292 3475; x_wconf 80' lang='grc' dir='ltr'>τοὺς</span> 
     </span>
     <span class='ocr_line' id='line_1_32' title="bbox 169 3497 1290 3585; baseline 0.006 -25"><span class='ocrx_word' id='word_1_250' title='bbox 169 3497 297 3579; x_wconf 82' lang='grc' dir='ltr'>χρόνους</span> <span class='ocrx_word' id='word_1_251' title='bbox 331 3498 462 3580; x_wconf 69' lang='lat' dir='ltr'>(Glroer.</span> <span class='ocrx_word' id='word_1_252' title='bbox 496 3523 527 3585; x_wconf 89' lang='lat' dir='ltr'>p.</span> <span class='ocrx_word' id='word_1_253' title='bbox 557 3500 640 3581; x_wconf 79' lang='lat'>811).</span> <span class='ocrx_word' id='word_1_254' title='bbox 685 3499 779 3576; x_wconf 57' lang='lat' dir='ltr'>(ruod</span> <span class='ocrx_word' id='word_1_255' title='bbox 813 3510 916 3564; x_wconf 87' lang='lat' dir='ltr'>autem</span> <span class='ocrx_word' id='word_1_256' title='bbox 952 3497 1000 3561; x_wconf 86' lang='lat' dir='ltr'>La</span> <span class='ocrx_word' id='word_1_257' title='bbox 1027 3497 1163 3564; x_wconf 85' lang='lat' dir='ltr'>Roehius</span> <span class='ocrx_word' id='word_1_258' title='bbox 1197 3502 1290 3566; x_wconf 90' lang='lat' dir='ltr'>etiam</span> 
     </span>
     <span class='ocr_line' id='line_1_33' title="bbox 167 3597 1289 3683; baseline 0.005 -22"><span class='ocrx_word' id='word_1_259' title='bbox 167 3597 282 3662; x_wconf 90' lang='lat' dir='ltr'>librum</span> <span class='ocrx_word' id='word_1_260' title='bbox 313 3599 380 3681; x_wconf 75' lang='grc' dir='ltr'>περὶ</span> <span class='ocrx_word' id='word_1_261' title='bbox 410 3602 582 3682; x_wconf 79' lang='grc' dir='ltr'>παθητικῶν</span> <span class='ocrx_word' id='word_1_262' title='bbox 615 3598 796 3663; x_wconf 88' lang='lat' dir='ltr'>Herodiano</span> <span class='ocrx_word' id='word_1_263' title='bbox 828 3598 935 3662; x_wconf 90' lang='lat' dir='ltr'>tribuit</span> <span class='ocrx_word' id='word_1_264' title='bbox 968 3599 1105 3680; x_wconf 78' lang='grc' dir='ltr'>(παρεκβ.</span> <span class='ocrx_word' id='word_1_265' title='bbox 1137 3602 1190 3664; x_wconf 78' lang='grc' dir='ltr'>τοῦ</span> <span class='ocrx_word' id='word_1_266' title='bbox 1227 3623 1289 3683; x_wconf 66' lang='grc' dir='ltr'>με).</span> 
     </span>
     <span class='ocr_line' id='line_1_34' title="bbox 169 3697 1290 3789; baseline 0.006 -31"><span class='ocrx_word' id='word_1_267' title='bbox 169 3697 238 3781; x_wconf 73' lang='grc' dir='ltr'><strong><em>ῥήμ.</em></strong></span> <span class='ocrx_word' id='word_1_268' title='bbox 262 3719 292 3784; x_wconf 83' lang='lat' dir='ltr'>p.</span> <span class='ocrx_word' id='word_1_269' title='bbox 314 3699 357 3780; x_wconf 81' lang='lat'>3),</span> <span class='ocrx_word' id='word_1_270' title='bbox 378 3721 441 3765; x_wconf 88' lang='lat' dir='ltr'>nen</span> <span class='ocrx_word' id='word_1_271' title='bbox 460 3709 544 3764; x_wconf 89' lang='lat' dir='ltr'>reete</span> <span class='ocrx_word' id='word_1_272' title='bbox 565 3697 673 3763; x_wconf 85' lang='lat' dir='ltr'>fecisse</span> <span class='ocrx_word' id='word_1_273' title='bbox 694 3699 771 3762; x_wconf 91' lang='lat' dir='ltr'>mibi</span> <span class='ocrx_word' id='word_1_274' title='bbox 791 3698 923 3764; x_wconf 84' lang='lat' dir='ltr'>videtur.</span> <span class='ocrx_word' id='word_1_275' title='bbox 967 3698 1049 3762; x_wconf 85' lang='lat' dir='ltr'>Nam</span> <span class='ocrx_word' id='word_1_276' title='bbox 1070 3722 1140 3764; x_wconf 90' lang='lat' dir='ltr'>eum</span> <span class='ocrx_word' id='word_1_277' title='bbox 1169 3703 1290 3789; x_wconf 82' lang='lat' dir='ltr'>saepius</span> 
     </span>
     <span class='ocr_line' id='line_1_35' title="bbox 167 3798 1289 3887; baseline 0.004 -27"><span class='ocrx_word' id='word_1_278' title='bbox 167 3801 235 3882; x_wconf 74' lang='grc' dir='ltr'>περὶ</span> <span class='ocrx_word' id='word_1_279' title='bbox 255 3803 423 3881; x_wconf 70' lang='grc' dir='ltr'>παθητικῶν</span> <span class='ocrx_word' id='word_1_280' title='bbox 451 3810 558 3887; x_wconf 85' lang='lat' dir='ltr'>aperte</span> <span class='ocrx_word' id='word_1_281' title='bbox 585 3800 695 3866; x_wconf 82' lang='lat' dir='ltr'>vitiosa</span> <span class='ocrx_word' id='word_1_282' title='bbox 722 3798 874 3886; x_wconf 81' lang='lat' dir='ltr'>scriptura</span> <span class='ocrx_word' id='word_1_283' title='bbox 902 3798 941 3863; x_wconf 88' lang='lat' dir='ltr'>sit</span> <span class='ocrx_word' id='word_1_284' title='bbox 961 3823 1019 3884; x_wconf 87' lang='lat' dir='ltr'>pro</span> <span class='ocrx_word' id='word_1_285' title='bbox 1047 3799 1114 3884; x_wconf 77' lang='grc' dir='ltr'>περὶ</span> <span class='ocrx_word' id='word_1_286' title='bbox 1134 3802 1289 3884; x_wconf 47' lang='grc' dir='ltr'>παθῶνῖ),</span> 
     </span>
     <span class='ocr_line' id='line_1_36' title="bbox 167 3897 1288 3987; baseline 0.001 -24"><span class='ocrx_word' id='word_1_287' title='bbox 167 3897 252 3964; x_wconf 89' lang='lat' dir='ltr'>idem</span> <span class='ocrx_word' id='word_1_288' title='bbox 274 3900 366 3965; x_wconf 88' lang='lat' dir='ltr'>etiam</span> <span class='ocrx_word' id='word_1_289' title='bbox 386 3900 417 3965; x_wconf 92' lang='lat' dir='ltr'>in</span> <span class='ocrx_word' id='word_1_290' title='bbox 440 3920 511 3964; x_wconf 92' lang='lat' dir='ltr'>eum</span> <span class='ocrx_word' id='word_1_291' title='bbox 529 3900 643 3980; x_wconf 89' lang='lat' dir='ltr'>locum,</span> <span class='ocrx_word' id='word_1_292' title='bbox 670 3901 724 3983; x_wconf 88' lang='lat' dir='ltr'>qui</span> <span class='ocrx_word' id='word_1_293' title='bbox 744 3922 820 3965; x_wconf 85' lang='lat' dir='ltr'>sane</span> <span class='ocrx_word' id='word_1_294' title='bbox 851 3923 884 3967; x_wconf 87' lang='lat' dir='ltr'>re</span> <span class='ocrx_word' id='word_1_295' title='bbox 905 3922 980 3965; x_wconf 84' lang='lat' dir='ltr'>vera</span> <span class='ocrx_word' id='word_1_296' title='bbox 1010 3900 1048 3965; x_wconf 90' lang='lat' dir='ltr'>de</span> <span class='ocrx_word' id='word_1_297' title='bbox 1071 3901 1191 3987; x_wconf 86' lang='lat' dir='ltr'>passiva</span> <span class='ocrx_word' id='word_1_298' title='bbox 1214 3919 1288 3983; x_wconf 89' lang='lat' dir='ltr'>qua-</span> 
     </span>
     <span class='ocr_line' id='line_1_37' title="bbox 167 3996 1288 4086; baseline 0.006 -27"><span class='ocrx_word' id='word_1_299' title='bbox 167 3996 239 4061; x_wconf 87' lang='lat' dir='ltr'>dam</span> <span class='ocrx_word' id='word_1_300' title='bbox 260 3999 361 4063; x_wconf 85' lang='lat' dir='ltr'>ferma</span> <span class='ocrx_word' id='word_1_301' title='bbox 380 3998 445 4082; x_wconf 82' lang='lat' dir='ltr'>agit</span> <span class='ocrx_word' id='word_1_302' title='bbox 467 3998 531 4081; x_wconf 78' lang='lat' dir='ltr'>(Et.</span> <span class='ocrx_word' id='word_1_303' title='bbox 554 4022 595 4063; x_wconf 91' lang='lat' dir='ltr'>m.</span> <span class='ocrx_word' id='word_1_304' title='bbox 618 3999 667 4079; x_wconf 77' lang='lat'>56,</span> <span class='ocrx_word' id='word_1_305' title='bbox 681 3999 743 4083; x_wconf 82' lang='lat'>28),</span> <span class='ocrx_word' id='word_1_306' title='bbox 766 3999 879 4065; x_wconf 88' lang='lat' dir='ltr'>cadere</span> <span class='ocrx_word' id='word_1_307' title='bbox 902 4000 1007 4086; x_wconf 88' lang='lat' dir='ltr'>potius</span> <span class='ocrx_word' id='word_1_308' title='bbox 1030 4000 1172 4083; x_wconf 86' lang='lat' dir='ltr'>arbitror,</span> <span class='ocrx_word' id='word_1_309' title='bbox 1195 4021 1288 4085; x_wconf 89' lang='lat' dir='ltr'>quam</span> 
     </span>
     <span class='ocr_line' id='line_1_38' title="bbox 228 4211 982 4283; baseline 0.003 -22"><span class='ocrx_word' id='word_1_310' title='bbox 228 4211 982 4283; x_wconf 51' lang='lat' dir='ltr'>pfflmmmmmmummmuwn</span> 
     </span>
     <span class='ocr_line' id='line_1_39' title="bbox 226 4312 1096 4386; baseline 0.01 -23"><span class='ocrx_word' id='word_1_311' title='bbox 226 4312 246 4382; x_wconf 58' lang='grc' dir='ltr'>θ)</span> <span class='ocrx_word' id='word_1_312' title='bbox 265 4314 328 4369; x_wconf 86' lang='lat' dir='ltr'>Zon.</span> <span class='ocrx_word' id='word_1_313' title='bbox 346 4316 411 4367; x_wconf 83' lang='lat' dir='ltr'>Lex.</span> <span class='ocrx_word' id='word_1_314' title='bbox 429 4334 455 4383; x_wconf 90' lang='lat' dir='ltr'>p.</span> <span class='ocrx_word' id='word_1_315' title='bbox 477 4318 535 4368; x_wconf 77' lang='lat'>603.</span> <span class='ocrx_word' id='word_1_316' title='bbox 575 4316 640 4368; x_wconf 73' lang='lat' dir='ltr'>cau</span> <span class='ocrx_word' id='word_1_317' title='bbox 659 4318 735 4371; x_wconf 85' lang='lat' dir='ltr'>Voss.</span> <span class='ocrx_word' id='word_1_318' title='bbox 755 4318 798 4369; x_wconf 88' lang='lat' dir='ltr'>Et.</span> <span class='ocrx_word' id='word_1_319' title='bbox 817 4335 850 4367; x_wconf 85' lang='lat' dir='ltr'>ru.</span> <span class='ocrx_word' id='word_1_320' title='bbox 872 4320 912 4380; x_wconf 76' lang='lat'>18,</span> <span class='ocrx_word' id='word_1_321' title='bbox 931 4321 981 4386; x_wconf 21' lang='lat'>43..</span> <span class='ocrx_word' id='word_1_322' title='bbox 993 4319 1035 4381; x_wconf 74' lang='lat'>48,</span> <span class='ocrx_word' id='word_1_323' title='bbox 1054 4320 1096 4372; x_wconf 73' lang='lat'>42.</span> 
     </span>
    </p>
   </div>
   <div class='ocr_carea' id='block_1_5' title="bbox 0 0 1510 4709">
    <p class='ocr_par' dir='ltr' id='par_1_6' title="bbox 0 0 1510 4709">
     <span class='ocr_line' id='line_1_40' title="bbox 0 0 1510 4709; baseline 0 1"><span class='ocrx_word' id='word_1_324' title='bbox 0 0 1510 4709; x_wconf 95' lang='lat' dir='ltr'> </span> 
     </span>
    </p>
   </div>
  </div>
 </body>
</html>
