3009 4709
704 333 765 407 ’25

669 425 771 436 Α’ΛΛΑ,“’·
781 423 798 430 w*
819 425 823 432 l

184 572 236 630 τοῦ
257 565 338 636 ταῶς
364 564 569 644 σεσημείωται·
596 556 629 621 τὸ
659 556 693 621 δὲ
721 559 797 630 λᾶος
823 554 906 638 παρὰ
927 556 1075 636 Σοφοκλεῖ
1100 549 1157 616 ἀπὸ
1186 559 1301 636 γενικῆς

185 664 224 738 εἰς
246 661 362 729 εὐθεῖαν
385 659 573 743 persepulta.
594 658 645 738 51,
673 659 708 721 18
736 656 770 719 το
798 656 910 738 μάργος
941 654 1079 717 σύνθετον
1107 650 1239 716 ἀπὸτοῦ
1261 675 1302 735 μα

186 768 356 848 στερητικοῦ
378 764 427 825 καὶ
447 765 499 824 τοῦ
522 760 618 840 ἔργον·
642 755 658 822 ὁ
678 755 733 839 γὰρ
763 755 875 839 μάργος
897 754 982 820 οὐδὲν
1004 752 1114 836 ἀγαθόν
1138 751 1301 836 ἐργάζεται.

185 868 235 947 60,
257 868 276 929 e
300 864 399 944 βιλλος
421 859 466 940 (τὸ
489 858 623 941 ἀνδρεῖον
646 854 766 937 αἰδοῖον,
796 855 830 918 τὸ
859 860 968 928 κοινοῖς
989 855 1080 938 βιλλίν
1108 852 1187 936 παρ’
1210 853 1302 934 Ἐφε-

188 966 282 1047 σίοις).
309 963 345 1028 18
373 962 510 1032 ὄκταλλις
543 957 573 1042 (ὁ
596 956 756 1040 ὀφθαλμὸς
783 956 865 1040 παρὰ
892 959 1043 1039 Βοιωτοῖς)
1069 962 1114 1032 ’λ’
1152 953 1215 1022 Sed
1236 955 1301 1037 qui·

188 1084 308 1149 cunque
339 1061 463 1148 prologi
493 1068 600 1125 auctor
633 1058 707 1139 fuit,
742 1058 802 1122 hoo
829 1057 999 1123 contendo:
1042 1053 1098 1120 nisi
1135 1055 1302 1141 epitomam

190 1166 336 1229 maiorem
358 1161 513 1247 quandam
536 1160 678 1241 (fortasse
692 1180 756 1222 non
773 1159 870 1223 multo
888 1158 1049 1243 maiorem)
1071 1182 1089 1221 a
1107 1157 1228 1220 minore
1240 1154 1301 1218 Ar-

189 1264 267 1329 cadii
288 1264 442 1328 diversam
464 1283 531 1327 esse
553 1280 722 1340 censemus,
744 1258 869 1323 lassari
884 1281 964 1322 vana
976 1268 1068 1343 atque
1083 1256 1202 1322 inutilia
1218 1276 1303 1320 men·

189 1365 278 1428 daeia
297 1364 466 1427 tribuamus
487 1382 613 1425 neeesse
638 1370 693 1424 est.

253 1463 351 1528 Multo
373 1463 485 1527 certius
511 1461 666 1546 quamde
693 1462 885 1548 praefatione
912 1458 1048 1524 iudicare
1075 1480 1236 1547 possumus
1264 1457 1303 1522 de

188 1563 288 1628 indiae
309 1561 419 1648 viginti
440 1562 598 1642 librorum,
622 1563 675 1647 qui
696 1582 764 1626 eam
778 1562 809 1625 in
825 1562 932 1627 codiee
943 1560 1082 1626 Parisino
1099 1561 1181 1624 2102
1194 1559 1303 1645 praeit,

188 1665 220 1727 in
241 1661 422 1743 Havniensi‚
444 1660 624 1741 Matritensi‚
647 1660 789 1726 Parisino
812 1661 893 1726 '2603
915 1660 1062 1746 sequitur.
1104 1658 1199 1722 Huno
1221 1657 1303 1721 enim

189 1784 252 1828 non
267 1761 395 1826 Arcadii
417 1782 509 1847 quam
531 1784 615 1825 nune
635 1762 794 1842 habemus,
817 1762 872 1826 sed
894 1760 1061 1826 Theodosii
1081 1760 1233 1843 epitomae
1252 1767 1305 1821 aut

189 1860 285 1947 (quod
306 1861 339 1925 in
360 1862 420 1924 hae
440 1881 475 1924 re
496 1860 577 1923 idom
598 1861 693 1944 valet)
715 1859 773 1947 ipsi
793 1859 975 1926 Catholicae
997 1858 1179 1925 destinatum
1201 1856 1303 1936 fuisse,

190 1961 265 2025 duas
287 1963 327 2024 ob
348 1981 455 2023 causas
475 1969 612 2045 apparet.
654 1962 703 2024 Ae
723 1961 857 2046 primum
880 1959 1004 2045 quidem
1025 1969 1158 2046 quatuor
1178 1958 1305 2023 illorum

191 2059 319 2124 Arcadii
340 2060 483 2145 sapitum,
502 2082 581 2145 quae
602 2061 641 2124 ad
664 2083 702 2125 ea
723 2082 803 2143 quae
824 2060 964 2125 obtinent
984 2059 1050 2125 loca
1070 2082 1133 2123 non
1147 2057 1304 2144 pertinere

191 2168 309 2224 constat
329 2166 373 2244 (ρ.
400 2160 457 2225 159
477 2160 619 2240 περὶτῶν
641 2158 856 2242 ἐγκλινομένων
879 2160 991 2243 μορίων
1015 2208 1022 2224 .
1043 2182 1074 2245 p.
1099 2160 1158 2223 162
1179 2160 1221 2222 ἔτι
1237 2161 1304 2241 aaut

189 2264 248 2322 τῶν
270 2256 482 2340 ἐγκλινομένων
505 2307 512 2322 .
534 2282 565 2347 μ
588 2260 647 2323 211
671 2259 737 2343 περὶ
765 2263 818 2343 τῆς
846 2263 904 2322 τοῖν
935 2258 1030 2322 τόνων
1061 2257 1209 2342 εὑρέσεως
1241 2262 1302 2324 κτλ.

188 2380 219 2443 p.
232 2360 292 2422 216
309 2361 376 2442 περὶ
390 2360 576 2441 προσωδιῶν,
599 2360 631 2423 in
650 2360 751 2425 indiee
773 2362 849 2424 ratio
870 2382 931 2425 non
947 2359 1085 2424 habetur.
1107 2360 1188 2423 Tum
1203 2369 1305 2423 autem

190 2478 268 2543 quae
288 2457 367 2522 lihro
388 2460 495 2542 quinto
527 2458 646 2524 decimo
675 2462 890 2525 contineantur
919 2470 1134 2545 argumentum
1166 2468 1305 2523 nostrum

186 2559 229 2622 ita
252 2568 427 2621 enumerat:
460 2556 495 2620 τὸ
524 2558 645 2623 δέκατον
678 2559 809 2642 πέμπτον
841 2560 894 2632 τοὶς
920 2560 1043 2641 πλαγίας
1064 2565 1121 2622 τῶν
1150 2557 1303 2641 ὀνομάτων

187 2657 331 2730 κανονίζει
351 2657 488 2731 καὶτοὺς
509 2659 696 2725 aureatus
718 2658 862 2743 ἀριθμοὺς
881 2660 930 2726 καὶ
953 2661 1021 2734 τοὺς
1032 2660 1109 2724 κατὰ
1129 2661 1207 2743 θέμα
1222 2658 1305 2743 εἰρη-

188 2755 302 2839 μένους.
346 2753 488 2836 Quorum
518 2761 684 2825 vorborum
720 2762 882 2847 postremis
913 2761 991 2825 nihil
1019 2760 1184 2846 significari
1214 2783 1305 2847 posse

190 2856 246 2918 nisi
267 2859 392 2923 nomina
411 2860 581 2924 numeralia
598 2861 697 2941 sertis,
719 2871 755 2925 ut
769 2862 845 2925 mihi
856 2862 987 2938 videtur,
1009 2860 1198 2946 argumentis
1215 2859 1306 2925 evicit

189 2954 231 3018 A.
244 2955 431 3024 Sohinidtius
450 2958 558 3043 (Beitr.
574 2985 605 3046 p.
624 2960 685 3024 585
707 2984 755 3046 sq.
777 2962 898 3025 Ztsohr.
922 2964 943 3024 f.
967 2961 995 3026 d.
1019 2959 1106 3024 (ἓν).
1132 2961 1171 3024 15
1191 2982 1222 3045 p.
1243 2960 1304 3023 323

190 3060 284 3141 sqq),
313 3056 361 3120 oui
388 3066 495 3143 postea
526 3057 672 3123 Lentzius
702 3061 882 3145 astipulatus
910 3072 956 3124 est
988 3061 1081 3138 (Phil.
1107 3062 1145 3125 19
1166 3084 1196 3146 p.
1221 3061 1304 3134 lll).

190 3155 240 3218 Ae
264 3177 337 3220 sane
362 3159 532 3243 permirum
560 3169 648 3240 esset,
680 3160 705 3222 si
726 3160 924 3225 Herodianus
956 3161 987 3224 in
1016 3160 1242 3225 universali
1271 3168 1306 3221 ut

190 3252 233 3317 ita
261 3253 359 3320 dieam
386 3256 536 3321 Prosodia
567 3258 645 3321 illud
672 3260 832 3324 nominum
863 3283 961 3345 genus
991 3283 1117 3348 prorsus
1145 3258 1302 3325 omisisset.

189 3352 253 3420 Sed
272 3356 305 3420 in
325 3355 464 3421 Arcadio
486 3367 591 3423 nostro
612 3359 698 3444 leges
720 3360 760 3423 de
770 3360 975 3425 numeralium
996 3360 1169 3425 accentibus
1191 3360 1304 3422 frustra

189 3474 326 3539 quaereS,
348 3474 448 3539 neque
469 3454 634 3539 quidquam
661 3458 699 3522 ad
722 3460 915 3524 refutandam
943 3461 1023 3524 hane
1051 3482 1117 3524 rem
1138 3459 1197 3525 loei
1218 3484 1236 3522 a
1258 3459 1301 3523 M.

189 3551 361 3619 Schmidtio
382 3554 466 3618 allati
489 3556 586 3630 (Phil.
611 3560 648 3623 15
670 3581 701 3646 p.
723 3561 798 3644 513)
820 3560 950 3626 faciunt:
979 3582 1050 3623 nam
1072 3559 1104 3631 ἕξ
1125 3556 1198 3622 ἑπτά
1219 3555 1304 3621 ἐννέα

188 3673 253 3717 non·
282 3664 410 3740 propter
440 3668 583 3722 aeeontns
617 3660 670 3723 sed
702 3671 829 3746 propter
859 3660 982 3747 spiritus
1016 3643 1301 3726 commemorantur.

249 3918 269 3981 ¹)
288 3918 381 3967 anem
398 3919 432 3967 ad
451 3921 666 3985 comprobandam
686 3922 754 3970 hano
773 3923 805 3970 de
822 3938 873 3986 qua
891 3922 982 3987 loquor
1000 3921 1155 3971 seutentiam
1174 3921 1223 3971 hoe
1241 3938 1302 3986 quo-

290 4018 341 4068 que
359 4008 452 4068 potest.
485 4006 613 4068 Interea,
643 4022 709 4072 qnae
727 4007 779 4056 sihi
797 4007 940 4057 omittenda
958 4023 1013 4056 esse
1032 4007 1184 4070 epitomator
1204 4013 1301 4069 censet,

289 4094 328 4139 est
345 4089 371 4140 τὸ
391 4086 455 4140 πολὺ
472 4089 568 4160 πλῆθος
585 4101 639 4142 τῶν
655 4090 877 4164 παραδειγμάτωνς
896 4093 944 4143 sed
960 4093 1036 4157 longe
1055 4093 1130 4142 abest
1149 4098 1176 4141 ut
1194 4079 1302 4143 omnia

291 4177 412 4240 exempla
435 4177 546 4230 omittat.
584 4178 653 4240 Quid
666 4178 750 4244 igitur
768 4180 789 4229 si
815 4179 843 4228 in
861 4179 924 4229 loeis
942 4193 1042 4243 quoque
1060 4179 1198 4229 afferendis
1217 4177 1241 4251 (ἡ
1260 4188 1301 4249 τῆς

289 4258 399 4331 χρήσεως
417 4258 503 4313 αὐτῶν
520 4261 601 4334 πολλὴ
621 4262 764 4336 παράθεσις)
783 4282 824 4316 res
843 4267 932 4316 rodem
950 4262 1026 4314 modo
1045 4278 1100 4313 esse
1118 4264 1216 4314 habet?
