3009 4709
161 593 278 660 tionem
298 584 488 676 praecedunt
509 582 696 669 plerumque
718 587 876 644 servatum
897 589 974 656 essa,
997 589 1184 660 quamquam
1202 568 1280 636 ordo

163 695 357 778 singulorum
384 707 539 752 canonum
566 682 599 746 in
629 681 766 766 epitoma
794 676 879 742 haud
908 674 1006 742 semel
1032 683 1079 739 est
1106 695 1281 759 perversus.

161 789 339 855 *Maioris
360 786 509 854 momenti
528 783 568 848 ad
586 779 834 868 perspiciendam
846 776 1027 843 Catholicae
1047 772 1281 860 dispositionem
1309 786 1316 792 ·

164 916 202 959 ea
223 886 360 974 quaestio
383 896 438 966 est,
460 907 535 948 num
559 891 623 948 tota
645 902 800 945 canonum
821 879 923 942 forma
948 876 981 940 in
1008 875 1144 960 epitoma
1173 871 1282 940 eadem

166 994 206 1056 sit
227 1011 306 1074 quae
327 986 410 1073 apud
433 983 648 1050 Herodianum
669 978 772 1046 fuerit.
816 977 858 1044 A.
881 973 1073 1043 Schmidtius
1101 973 1185 1040 enim
1213 973 1283 1055 [ub.
1366 999 1370 1004 ·

167 1091 197 1156 d.
220 1088 249 1153 d.
271 1087 350 1152 Arla
373 1085 484 1170 beigol.
507 1082 598 1149 Sohr.
621 1084 688 1163 περὶ
709 1078 804 1143 τόνων
826 1100 857 1163 p.
881 1077 913 1160 3)
934 1076 1062 1156 cenarit,
1084 1097 1161 1161 opus
1182 1072 1284 1138 Hero·

168 1190 309 1254 dianeum
339 1186 383 1250 ita
415 1186 482 1250 fere
511 1183 683 1250 institutum
714 1182 825 1259 fuisse,
856 1188 890 1244 ut
921 1197 1045 1262 semper
1077 1176 1182 1262 priore
1213 1174 1284 1239 loco

167 1290 269 1357 omnia
290 1286 448 1367 vocabula,
471 1283 581 1371 quibus
604 1281 712 1349 eadem
733 1280 909 1348 terminatio
922 1277 1067 1362 idemque
1091 1275 1285 1360 syllabanun

167 1410 312 1456 numerus
332 1396 430 1467 esset,
459 1384 547 1470 quasi
568 1406 630 1448 cmo
653 1401 773 1447 canone
794 1379 846 1445 vel
867 1378 971 1465 potius
991 1400 1053 1442 una
1080 1373 1286 1461 complurium

170 1511 320 1555 canonum
341 1484 535 1571 copulatione
556 1480 916 1567 comprehenderentur,
945 1487 1013 1543 tum
1041 1475 1143 1544 omnia
1172 1475 1287 1540 horum

97 1604 102 1608 ’
170 1612 324 1663 canonum
344 1585 489 1670 exempla
510 1591 541 1649 et
563 1582 762 1667 exceptiones
783 1590 998 1664 sequerentur.
1022 1575 1111 1654 Quae
1131 1572 1286 1642 scribendi

169 1690 247 1754 ratio
269 1695 416 1773 quantam
450 1683 586 1750 effecerit
605 1680 780 1746 molestiam
807 1687 899 1762 atque
927 1674 1212 1743 incommoditatem
1234 1695 1287 1759 ap·

169 1796 273 1875 parct3
298 1809 334 1850 nc
354 1793 438 1850 recte
458 1783 598 1868 profecto
620 1790 687 1846 tum
707 1780 853 1846 iecissent
874 1776 1061 1865 posteriores
1079 1773 1287 1859 grammatici,

170 1887 255 1973 quod
275 1886 421 1970 neglecto
432 1880 604 1947 Heracliani
626 1879 772 1965 exemplo
796 1877 933 1942 faciliore
953 1874 1047 1941 modo
1066 1894 1199 1942 canones
1216 1896 1288 1938 con-

170 1987 307 2051 ficerent.
330 1983 556 2046 Permoverunt
577 1988 680 2046 autem
701 1977 909 2045 Sclnnidtimn
929 1975 969 2040 ad
989 1975 1077 2058 illam
1097 1974 1288 2042 sententiam

170 2081 405 2170 proponendam
417 2081 495 2146 haec
511 2080 606 2143 verba
627 2080 660 2143 in
681 2077 834 2164 epitomae
851 2074 1009 2164 prooemio
1027 2074 1187 2153 exstantia,
1210 2094 1289 2158 quae

172 2194 206 2247 ut
237 2181 355 2247 facilius
392 2180 432 2246 de
462 2179 500 2246 iis
525 2177 676 2266 disputari
707 2178 804 2264 possit
829 2178 864 2242 in
895 2187 958 2242 tres
996 2185 1100 2261 partes
1136 2173 1288 2240 dividam:

173 2287 200 2347 1.
211 2280 279 2346 ’ἐπεὶ
292 2278 348 2364 γὰρ
370 2277 404 2344 τό
424 2279 574 2343 πολόυλον
595 2281 654 2343 τιον
676 2276 805 2361 ὁρισμῶν
828 2275 858 2341 ἐν
880 2278 1002 2348 πολλοῖς
1022 2275 1141 2340 κανόσιν
1164 2271 1287 2357 ἁθρόως

172 2381 471 2461 κείμενονόόοληπτα
491 2375 536 2463 ἦν,
558 2376 759 2460 καταδιηρόθη
771 2381 868 2456 τοῦτο,
887 2372 930 2439 ἵν’
944 2375 1077 2459 εὔληπτα
1089 2372 1205 2458 γένηται
1221 2376 1291 2440 διαι-

175 2480 299 2562 ρεθέντα
320 2476 370 2558 (τὰ
391 2476 463 2544 add.
484 2476 529 2542 M.
550 2475 756 2553 Schmidtius)
778 2475 833 2559 ὑφ’
854 2474 885 2539 ἓν
907 2476 1027 2558 κείμενα
1047 2480 1091 2562 τῷ
1111 2475 1289 2562 Ἧρυιόιανῷ

173 2578 207 2643 τό
228 2576 285 2661 γὰρ
307 2577 368 2660 ἅμα
388 2575 472 2659 γένος
493 2571 573 2651 εἷθος
604 2581 703 2661 σχημα
723 2571 879 2659 κατάληξιν
913 2571 1077 2660 παράληΕιν
1101 2574 1197 2661 ἀρχήν
1218 2576 1291 2660 χρό-

176 2700 225 2743 νον
247 2684 391 2759 στοιχεῖον
412 2670 509 2751 πάθος
528 2683 719 2761 παρατηρεῖν,
740 2676 790 2741 καὶ
811 2673 867 2741 ὅσα
888 2676 975 2759 ἄλλα,
996 2678 1014 2764 ἢ
1037 2677 1074 2744 τὰ
1094 2681 1215 2743 πλεῖστα
1227 2679 1294 2742 anti-⁴

175 2800 244 2858 τιον,
266 2776 400 2859 χαλεπόν
421 2776 471 2841 καῖ
492 2776 677 2860 δυσέφικτον.
720 2778 750 2842 2.
783 2776 830 2858 ἐφ’
859 2770 973 2865 ἑκάστῳ
1005 2777 1039 2842 δὲ
1066 2781 1125 2861 τοῖν
1151 2778 1293 2843 τοιυότιυν

178 2875 307 2959 ὁρισμῶν
329 2899 349 2960 η
371 2875 411 2959 μὴ
434 2875 602 2951 ἐπιπολλοῖς
623 2878 799 2960 (ἐπιπολλῆς
815 2875 884 2959 ΒΟ)
916 2877 976 2959 ἅμα
1000 2875 1048 2944 διὰ
1069 2881 1127 2942 τῶν
1155 2865 1295 2961 παραδει-

177 2968 295 3057 γμάτων
317 2975 405 3049 εὐθὺς
426 2974 591 3060 παράθεσις
613 2974 792 3059 aaa-sapaces
813 2969 954 3057 dicimini,
977 2975 1056 3042 ὥστε
1074 2976 1149 3061 ράον
1161 2985 1223 3051 τοῖς
1244 2978 1296 3042 ’atl-

177 3077 243 3149 λοις
265 3072 450 3141 ἀκολουθεῖν.
483 3076 513 3143 3.
537 3077 581 3139 δεῖ
602 3076 636 3139 δὲ
657 3074 767 3159 τόνέφ
791 3071 914 3140 ἑκάστου
937 3076 1062 3151 κανόνος
1088 3075 1297 3161 περιμένοντας

180 3174 270 3256 λόγον
293 3169 389 3246 οὕτως
409 3176 488 3257 ἔχειν
511 3174 598 3242 αὐτόν
620 3172 725 3260 ἐντελῆ
746 3173 943 3257 συναγόμενόν
965 3198 998 3240 τε
1020 3175 1134 3241 ἐκτῶν
1155 3173 1297 3258 κατὰμέ-

179 3295 245 3356 ρος,
266 3268 315 3335 ἵνα
335 3272 375 3356 μὴ
400 3274 539 3355 συντομία
559 3274 657 3357 μόνον,
680 3273 759 3340 ἀλλὰ
780 3276 830 3339 καὶ
846 3277 993 3360 σαφήνεια
1006 3282 1068 3349 τοῖς
1082 3273 1298 3359 ἐντευξομένοις

181 3369 315 3455 ὐποίρχη.
355 3372 398 3437 Et
417 3373 520 3459 prima
541 3373 667 3459 quidem
688 3375 779 3440 huius
799 3376 859 3442 loci
886 3399 960 3462 pars
984 3375 1148 3443 Schmidtii
1178 3385 1299 3442 senten·

182 3471 265 3554 tiam,
288 3472 390 3557 quoad
411 3472 512 3555 video,
532 3474 621 3541 nullo
642 3477 735 3542 modo
757 3477 900 3557 adiuvat3
930 3478 995 3543 eius
1017 3475 1099 3540 enim
1120 3498 1227 3541 sensus
1248 3476 1301 3541 hio

186 3579 240 3634 eat.
283 3571 364 3638 Cum
385 3571 604 3656 Herodianus,
634 3585 669 3639 ut
695 3599 789 3663 supra
809 3576 959 3657 vidimus,
986 3575 1020 3639 in
1048 3574 1211 3641 Catholica
1236 3597 1301 3640 non

185 3669 284 3735 solum
302 3671 526 3756 prosodiarum,
550 3674 606 3740 sed
628 3674 722 3740 etiam
743 3697 895 3761 generum
915 3674 1165 3740 terminationum
1184 3683 1300 3740 cetero-

184 3794 315 3857 rumque
336 3768 468 3855 ὁρισμῶν
489 3774 640 3864 rationem
668 3775 825 3840 habuisset
852 3797 951 3862 eaque
978 3775 1081 3841 omnia
1110 3776 1177 3842 fusa
1207 3797 1303 3861 expo·

184 3873 309 3953 suisset,
340 3872 372 3937 id
401 3883 504 3940 autem
524 3877 733 3961 epitomatoris
754 3876 881 3960 ingenio
901 3899 963 3942 non
985 3876 1052 3942 sine
1074 3897 1166 3940 causa
1195 3874 1304 3953 δόσλη·

183 3992 253 4036 κτον
275 3973 444 4055 videretur,
466 3982 563 4038 totam
580 3974 740 4040 materiam
761 3975 881 4040 induas
902 3987 1004 4061 partes
1027 3974 1130 4039 divisit
1151 3974 1304 4057 (καταδιη

185 4069 257 4155 μέθη
274 4077 387 4150 τοῦτο).
433 4071 574 4151 Quarum
601 4096 704 4154 unam,
733 4096 815 4161 quae
837 4084 903 4140 erat
925 4074 964 4139 de
985 4074 1057 4140 solis
1075 4072 1227 4161 prosodiis
1249 4073 1304 4139 do-

185 4172 289 4253 ctrina,
311 4171 450 4240 breviter
469 4172 613 4254 reddidit,
635 4172 754 4238 omissis
775 4172 872 4238 doctis
894 4173 1068 4242 Herodiani
1091 4173 1305 4260 disputationi.

183 4272 237 4336 bus
258 4271 387 4359 aliisque
408 4297 488 4360 quae
504 4296 567 4341 non
581 4296 707 4360 prorsus
719 4274 893 4340 necessaria
907 4274 1113 4342 videbantur:
1137 4275 1221 4361 quod
1238 4274 1305 4363 ipse
