3009 4709
704 424 783 436 maxsuv
793 426 818 436 em
829 427 855 436 ..η

217 561 301 627 1ιοιιι1
331 559 533 641 crediderim,
566 582 636 625 cum
666 560 697 624 in
728 560 789 625 hoc
817 580 913 647 opere
948 560 1165 647 componendo
1197 562 1335 627 omnium

218 663 419 727 dialectorum
447 661 598 726 rationem
620 661 751 727 haberet
780 660 999 746 grammaticus
1021 661 1288 746 diligentissimum
1302 670 1332 739 ¹)

216 762 353 828 utilitatis
374 772 493 826 tantum
515 761 671 847 gratiaea,
690 784 771 847 quae
792 759 1113 847 illicdispersaeront,
1134 762 1184 827 hic
1203 763 1334 829 collecto

215 863 417 931 coniunxisse
438 862 566 928 videtur.
601 861 675 926 Tria
696 861 858 940 vocabulo,
880 861 919 925 de
941 862 1051 945 quibus
1072 860 1104 924 in
1126 861 1233 926 Attica
1251 860 1332 929 Pro·

217 964 303 1030 sodia
331 986 401 1028 eum
431 962 532 1047 egisse
559 964 688 1043 scimus,
719 962 812 1027 etiam
840 961 871 1026 in
901 961 1066 1026 Catholica
1087 972 1219 1027 tractato
1240 963 1334 1029 fuisse

180 1097 188 1103 ·
216 1062 371 1129 Arcadius
391 1061 491 1128 doeet.
527 1061 579 1126 De
601 1062 746 1126 materiae
760 1060 988 1125 distribuendae
1010 1062 1131 1127 ratione
1152 1062 1229 1126 nihil
1251 1086 1332 1130 com-

216 1173 337 1251 pertum
365 1162 532 1240 habemus3
567 1168 601 1223 ut
628 1158 847 1226 Herodianum
874 1162 978 1246 potius
1009 1161 1049 1227 de
1067 1161 1332 1249 uniuscuiusque

216 1263 359 1330 vocabuli
379 1261 533 1349 prosodiis
558 1259 668 1346 egisse,
692 1284 785 1348 quarn
807 1261 969 1347 generales
989 1262 1078 1347 leges
1098 1261 1263 1349 protulisse
1284 1285 1331 1327 ar·

217 1365 376 1444 bitremur,
398 1385 448 1427 res
470 1363 536 1448 ipsa
559 1360 674 1426 suadet.

278 1463 351 1530 Jam
374 1473 476 1529 autem
487 1474 650 1550 postquam
664 1461 703 1525 de
714 1462 811 1527 tribus
822 1464 968 1550 operibus
988 1463 1179 1550 prosodiacis
1202 1463 1331 1548 egimus,

217 1564 295 1629 duco
324 1562 400 1628 oliae
430 1562 581 1628 librorum
618 1560 834 1649 inscriptiones
867 1564 906 1628 ad
935 1563 1114 1650 prosodiam
1159 1573 1331 1649 spectantes

214 1666 304 1730 nobis
326 1663 476 1729 delendae
497 1672 577 1727 sunt.

275 1765 417 1843 Quarum
447 1786 508 1827 una
537 1771 583 1828 est
611 1761 783 1827 Herodiani
804 1760 963 1844 ἀνώμαλος
995 1763 1162 1847 eporedia,
1185 1764 1276 1828 citata
1297 1765 1328 1829 in

213 1864 264 1930 Et.
287 1889 328 1929 m.
364 1865 437 1944 146,
463 1864 508 1928 14.
553 1863 643 1942 Quae
672 1864 697 1928 si
730 1873 814 1929 recte
850 1885 917 1929 sese
947 1864 1093 1945 haberet,
1128 1862 1330 1948 cogitandum

213 1965 303 2031 nobis
325 1975 405 2031 esset
425 1963 464 2027 de
484 1984 579 2049 opere
602 1961 738 2049 quodam
763 1985 813 2026 eas
832 1962 1002 2048 prosodias,
1024 1982 1103 2047 quae
1124 1965 1163 2028 ab
1183 1963 1330 2048 analogia

215 2076 306 2147 atque
327 2063 552 2131 consuetudine
574 2061 741 2143 discedant,
765 2072 951 2148 exponente.
995 2064 1045 2128 Ac
1073 2067 1135 2130 tale
1167 2063 1329 2129 consilium

215 2166 288 2230 satis
308 2167 420 2231 mirum
452 2186 519 2230 esse
540 2186 631 2228 nemo
662 2162 806 2248 negabit3
838 2172 885 2227 est
911 2185 987 2229 vero
1010 2164 1095 2229 aliud
1124 2164 1207 2247 quod
1229 2166 1327 2230 multo

214 2266 327 2330 certius
347 2288 403 2330 nos
423 2264 464 2360 de
485 2285 521 2328 eo
542 2262 671 2347 cogitari
694 2270 786 2327 vetat.
822 2259 911 2328 Sica
933 2263 1062 2349 scripta,
1085 2264 1196 2347 quibus
1225 2261 1327 2330 sermo

212 2362 429 2429 Herodianeus
456 2384 557 2449 paene
588 2363 710 2446 integer
731 2372 871 2427 servatus
893 2372 947 2441 est,
970 2362 1067 2429 libros
1088 2364 1156 2446 περὶ
1177 2366 1328 2449 μονήροος

212 2459 323 2535 λέξειας
343 2474 373 2527 et
392 2463 459 2547 περὶ
480 2461 627 2545 διχρόνων
656 2461 894 2545 fragmentaque
917 2460 1087 2528 Prosodiae
1107 2462 1222 2529 Iliacae
1246 2462 1325 2544 dico,

212 2561 450 2649 perlustramus,
487 2562 694 2642 inveniemus,
717 2579 877 2643 nunquam
906 2557 1120 2627 Herodianum
1156 2562 1196 2629 de
1231 2563 1324 2628 rebus

207 2663 416 2748 grammaticis
440 2658 597 2745 ἀνώμαλον
628 2660 814 2724 vocabulum
835 2670 866 2725 et
887 2647 1087 2744 quaecunque
1125 2664 1164 2729 ab
1187 2684 1223 2730 eo
1244 2663 1325 2729 deri·

206 2770 318 2824 vantur
340 2761 496 2828 adhibere.
526 2757 620 2838 Quod
641 2769 675 2824 ut
695 2770 859 2847 appareat,
883 2783 1008 2848 appono
1030 2763 1132 2828 omnio
1155 2786 1192 2829 ea
1213 2765 1325 2845 verba,

209 2861 317 2943 quibus
337 2861 448 2943 utitur,
480 2861 505 2925 si
533 2859 606 2944 quid
628 2858 753 2945 liuguae
774 2859 894 2945 legibus
916 2861 1046 2945 usuique
1086 2863 1224 2948 generali
1255 2885 1326 2928 con-

207 2960 335 3024 trarium
358 2973 420 3026 est:
435 2969 466 3039 ²)
499 2956 700 3043 daotaciunrov
726 2961 770 3042 τῷ
791 2958 917 3046 τοιοότιρ
945 2966 1111 3044 χαρακτῆρι
1132 2957 1218 3025 Μοο.
1241 2960 1271 3042 9,
1297 2962 1326 3025 1.

205 3057 389 3144 η’λονημένος
412 3060 463 3141 34,
482 3057 531 3122 30.
553 3057 683 3143 dicituro
705 3058 744 3122 ad
761 3056 1106 3132 astrueremus<
1126 3060 1221 3126 1392.
1243 3058 1325 3124 ἀντι-

205 3163 321 3222 κεῖσθαι
342 3161 366 3222 E
388 3159 458 3225 856.
481 3160 502 3221 Ζ
524 3159 594 3223 202.
617 3157 722 3224 1485.
746 3156 922 3222 ἀντιπίπτειν
945 3159 1057 3224 11495.
1079 3161 1184 3224 Γ152.
1206 3164 1232 3224 Λ
1251 3159 1323 3226 257.

206 3257 292 3322 1189.
313 3277 343 3322 π.
355 3258 433 3339 διχρ.
457 3257 528 3339 298,
539 3260 567 3323 7.
590 3258 732 3342 διαλλαγή
744 3258 828 3323 Mon.
852 3260 901 3340 25,
919 3260 964 3324 18.
989 3259 1207 3342 διαπεφευγότα
1227 3263 1251 3324 Ε
1273 3260 1323 3325 39.

204 3354 377 3441 ἐνστήσεται
398 3364 450 3443 τῆς
472 3353 645 3441 ὁμοιότητος
666 3356 751 3422 Mon.
775 3359 803 3442 3,
816 3359 846 3424 8.
868 3359 902 3424 τὸ
924 3363 1039 3444 πλῆθος
1062 3360 1216 3443 &aperirem
1237 3360 1324 3426 Mon.

205 3456 234 3538 4,
246 3457 294 3522 35.
311 3459 435 3539 ἔλεγχος
445 3456 532 3523 Mon.
549 3458 598 3539 29,
610 3457 660 3523 20.
679 3458 893 3525 ἕναντιοπταιΞ
915 3461 986 3528 351.
1011 3458 1161 3543 ἐξαίρετος
1181 3457 1235 3526 16.
1259 3460 1324 3525 ἐπι-

206 3554 325 3620 στατέον
346 3549 430 3622 Mou.
451 3557 564 3637 31113.
588 3557 638 3622 24.
661 3555 809 3640 μάχεσθαι
832 3562 856 3623 Ε
880 3560 947 3625 158.
969 3558 1039 3625 759.
1060 3564 1085 3623 Λ
1105 3559 1167 3626 270
1175 3560 1230 3625 bis.
1252 3562 1323 3627 301.

201 3655 364 3748 113242
386 3658 437 3722 46.
460 3656 538 3739 διχρ.
560 3655 629 3736 297,
647 3658 675 3721 2.
697 3657 731 3723 τὸ
752 3656 792 3740 μὴ
813 3659 947 3739 πληθύον
969 3657 1053 3724 Mon.
1074 3661 1104 3742 5,
1124 3661 1153 3725 2.
1187 3658 1322 3743 μονάζειν

204 3752 289 3834 Mon.
313 3756 342 3838 8,
363 3757 410 3823 19.
431 3757 561 3840 μονήρης
589 3756 618 3838 ll
642 3754 710 3824 137.
731 3756 816 3823 Mon.
839 3758 869 3840 5,
891 3760 939 3823 11.
961 3758 1011 3823 21.
1034 3760 1084 3825 22.
1106 3760 1247 3842 29.·6,7.
1275 3762 1321 3826 19.

205 3915 355 3925 ——--.--.

266 3998 286 4063 ¹)
307 3999 346 4053 Cf.
367 4001 478 4066 exempli
495 4001 579 4067 gratia
597 4002 639 4053 Et.
659 4020 692 4057 m.
712 4005 771 4065 629,
793 4006 835 4060 11,
899 4053 902 4058 ,

263 4118 283 4185 ²)
302 4120 418 4185 Apparet
444 4120 515 4172 hisee
541 4122 675 4174 vocabulis
701 4123 809 4174 minime
841 4142 943 4190 prorsus
971 4143 1048 4177 unam
1078 4128 1239 4195 eandemque
1266 4147 1319 4180 rem

248 4238 251 4242 ›
303 4204 455 4272 signifiear13
482 4221 571 4255 verum
592 4213 725 4259 accuratos
750 4225 838 4259 eorum
865 4211 1025 4264 differentias
1053 4229 1182 4281 exponere
1211 4232 1264 4265 non
1291 4216 1318 4264 in

303 4291 389 4339 animo
408 4295 456 4344 est.
