3009 4709
650 328 801 486 „a

227 614 277 681 Ex
297 615 358 679 hoc
379 612 572 702 potissimum
594 630 735 675 errorum
757 628 876 691 genere
897 614 964 671 orta
985 614 1032 671 est
1054 602 1159 689 opinio
1172 601 1282 669 editio-

166 736 238 782 nem
259 712 393 780 Homeri
414 712 453 776 ab
475 708 658 776 Herodiano
679 715 818 792 paratam
852 726 918 770 esse
929 754 937 787 ,
966 704 1000 768 id
1021 703 1104 790 quod
1125 725 1184 790 pro
1206 722 1281 767 vero

167 797 341 882 habueiunt
361 810 498 877 Foltzius
520 810 563 896 (p.
589 809 624 890 7)
656 817 687 873 et
708 805 981 872 Graefenhahnius
1014 805 1058 892 (p.
1082 804 1146 888 74).
1191 801 1284 867 Hanc

166 939 241 982 vero
263 913 427 978 editionem
449 911 566 975 nullam
588 907 690 988 fuisse,
710 917 874 993 postquam
898 906 959 970 iam
971 903 1147 970 Beccardus
1170 909 1214 987 (p.
1227 900 1283 976 46)

169 1027 199 1083 et
222 1012 473 1100 Sengebuschius
502 1009 739 1089 contenderunt,
772 1018 834 1071 tem
864 1015 1006 1071 accurate
1038 1016 1131 1090 atque
1158 999 1285 1085 copiose

170 1114 390 1179 demonstravit
411 1111 557 1177 Lentzius
580 1108 674 1189 (Phil.
697 1110 734 1173 21
758 1130 789 1193 p.
811 1108 872 1173 399
888 1106 986 1191 sqq.),'
1000 1114 1034 1168 ut
1048 1127 1107 1187 ego
1122 1103 1204 1167 hanc
1216 1122 1285 1165 rem

169 1214 348 1281 brevissime
379 1212 540 1278 absolvere
567 1210 700 1296 passim,
730 1209 835 1294 paucis
862 1218 980 1271 tantum
1013 1204 1135 1269 additis.
1177 1201 1285 1285 Atque

168 1316 201 1380 in
223 1314 352 1379 Venetis
378 1312 504 1397 quidem
534 1309 656 1373 scholiis
686 1306 833 1393 perpauci
860 1314 932 1370 sunt
960 1302 1029 1385 loci,
1058 1302 1111 1366 ubi
1138 1299 1284 1365 lectiones

170 1415 331 1503 quaedam,
361 1434 441 1499 quae
468 1411 587 1475 alienae
618 1418 690 1473 sunt
719 1432 737 1471 a
764 1407 917 1494 prosodia,
948 1404 1035 1492 quasi
1065 1400 1286 1466 Herodianeae

170 1522 452 1579 commemorantur
473 1511 513 1592 (E
535 1509 605 1572 999.
626 1510 647 1570 Ζ
669 1507 739 1572 266.
763 1509 789 1569 H
815 1509 881 1570 171.
912 1500 1180 1574 82961203.)
1222 1497 1285 1576 Qui

170 1637 239 1678 cum
267 1612 306 1677 ad
334 1634 411 1697 opus
431 1608 498 1691 cepi
527 1610 650 1690 Ἰλιακής
675 1604 846 1693 προσῳδίας
874 1604 981 1670 referri
1009 1625 1073 1666 non
1104 1599 1223 1685 possint
1244 1596 1286 1681 [si

171 1713 295 1799 quidem
323 1733 396 1776 vera
427 1721 498 1773 sunt
528 1731 606 1792 quae
641 1730 734 1792 supra
763 1706 802 1768 dc
831 1708 890 1770 hoc
920 1705 1002 1768 libro
1037 1698 1285 1785 disputavimus),

171 1837 288 1878 summa
310 1835 379 1876 cum
400 1808 615 1897 probabilitate
635 1807 782 1872 Lentzius
812 1829 851 1871 ex
873 1807 939 1869 aliis
962 1801 1136 1871 Herodiani
1166 1804 1286 1891 seriptis

171 1935 222 1978 eos
243 1913 353 1976 allatas
384 1933 451 1976 esse
478 1909 607 1973 coniecit
623 1911 661 1992 ¹).
703 1909 743 1971 In
765 1906 960 1971 diiudicanda
988 1930 1049 1972 000
1070 1906 1139 1973 loco
1166 1906 1219 1992 qui
1241 1915 1287 1970 cst

170 2012 210 2076 ad
231 2014 251 2073 Z
274 2010 335 2076 266
365 2009 488 2090 erravit,
517 2008 589 2093 quia
617 2008 795 2093 Pluygersii
821 2006 961 2072 libellum
991 2007 1045 2084 (de
1068 2030 1160 2073 earm.
1191 2007 1285 2071 Hom.

172 2121 228 2176 etc.
259 2119 379 2175 retract.
413 2109 484 2174 edit.
514 2131 545 2194 p.
576 2109 591 2172 1
616 2111 626 2192 )
655 2130 720 2172 000
747 2107 892 2193 inspexit.
935 2107 1018 2171 Nam
1052 2130 1123 2171 cum
1150 2106 1287 2173 Bekkeri

171 2211 305 2277 editione
327 2210 460 2277 confisus
482 2208 679 2275 Zenodotum
701 2204 860 2291 utinmotu,
891 2208 1105 2273 Herodianum
1137 2204 1285 2287 driaapcaa

3 2327 10 2344 '
67 2296 478 2405 ’Ᾱο10010000010000
499 2309 674 2376 Herodiani
695 2310 879 2394 scripturam
907 2309 939 2372 in
962 2308 1124 2374 Catholica
1154 2328 1287 2373 camme·

171 2423 322 2475 moratam
340 2411 433 2475 fuisse
455 2411 623 2497 suspicatus
645 2421 701 2476 est.
743 2410 856 2495 Neque
888 2433 962 2476 vcro
984 2409 1082 2475 codex
1112 2410 1146 2473 in
1167 2407 1288 2473 Aristo·

171 2508 231 2573 nici
252 2508 449 2574 adnotatione
470 2510 565 2575 habet
587 2507 711 2575 abacista
724 2510 758 2574 δὲ
779 2509 798 2593 ἡ
822 2508 922 2573 eddela
944 2509 1071 2593 ἀνίπτης,
1093 2508 1148 2574 sed
1170 2509 1286 2591 άνίπτη.

171 2609 280 2695 Itaque
301 2609 393 2673 ctiam
414 2606 593 2674 Zenodotus
622 2606 773 2690 6060000)
803 2611 866 2698 legi
888 2611 994 2693 voluit,
1024 2621 1054 2677 et
1076 2633 1146 2674 cum
1166 2608 1226 2674 hoc
1246 2609 1288 2672 ita

171 2733 237 2775 sese
249 2709 368 2790 habeat,
390 2710 459 2797 quis
480 2720 527 2774 est
548 2711 596 2774 cui
617 2732 679 2774 non
701 2710 839 2775 omnium
860 2712 994 2777 maxime
1009 2710 1169 2797 probabile
1184 2709 1288 2774 videa·

170 2820 230 2890 tur,
251 2809 401 2874 hocloco
423 2809 515 2873 ctiam
536 2809 568 2872 in
585 2809 710 2873 Venetis
732 2810 857 2874 scholiis
869 2811 1085 2876 Herodianum
1106 2809 1288 2874 cumZeno-

172 2906 243 2972 doto
275 2910 313 2972 ab
345 2909 547 2995 epitomatore
579 2910 739 2973 confusum
782 2908 870 2975 csse?
912 2911 1076 2977 Assentior
1115 2911 1210 2997 igitur
1241 2909 1285 2974 M.

171 3005 343 3074 Schmidtio
377 3009 463 3093 (Did.
485 3033 516 3096 p.
550 3010 606 3076 129
628 3017 700 3096 sq.),
731 3010 790 3074 nisi
812 3012 895 3097 quod
923 3012 948 3075 is
970 3037 1108 3078 errorem
1137 3035 1177 3077 cx
1206 3034 1287 3076 com-

170 3106 319 3192 pendiosa
340 3110 501 3194 scriptura,
534 3132 593 3193 ego
615 3132 655 3174 ex
676 3133 762 3175 mera
790 3110 989 3194 neglegentia
1016 3123 1118 3176 ortum
1147 3134 1213 3176 esse
1241 3134 1287 3174 ar·

102 3263 104 3270 ,
171 3207 277 3272 bitror.
301 3243 341 3253 -
362 3208 462 3273 Multo
483 3210 581 3274 maior
601 3209 633 3272 in
650 3209 837 3275 deteriorum
853 3210 992 3275 codicum
1005 3211 1127 3277 scholiis
1141 3233 1287 3275 numerus

171 3330 278 3372 eorum
299 3308 438 3372 locorum
460 3319 514 3388 cst,
544 3310 654 3396 quibus
681 3310 829 3375 lectiones
858 3310 1072 3376 Herodiancae
1100 3311 1286 3392 afferuntur3

171 3407 245 3493 quin
277 3407 369 3471 ctiam
403 3408 498 3472 semol
519 3407 692 3473 Herodiani
729 3408 822 3474 editio
856 3430 1002 3493 expresse
1030 3419 1288 3475 commemoratur

170 3505 277 3588 (schol.
302 3501 329 3568 V
351 3508 390 3571 ad
413 3510 439 3571 H
460 3509 546 3583 238).
569 3509 633 3578 Sed
655 3531 753 3599 paene
775 3509 807 3573 in
830 3509 970 3575 omnibus
998 3509 1046 3573 bis
1066 3510 1142 3574 locis
1164 3533 1284 3575 errores

170 3607 390 3693 nominumque
412 3609 604 3675 confusiones
634 3611 734 3676 inesse
763 3610 931 3675 aLentzio
961 3608 1203 3674 demonstratum
1232 3619 1287 3692 est,

170 3702 313 3768 adhibitis
334 3707 445 3771 codicis
459 3708 572 3774 Veneti
594 3709 726 3776 scholiis.
770 3709 908 3775 Positum
924 3720 970 3774 est
986 3708 1157 3773 Heracliani
1174 3732 1288 3775 namen

170 3813 222 3867 aut
244 3827 301 3889 pro
320 3804 437 3870 incerta
457 3831 535 3894 quac
556 3810 588 3873 in
609 3810 656 3873 bis
678 3809 793 3897 legitur
816 3808 1040 3895 significatione
1063 3811 1104 3886 (H
1126 3808 1187 3875 238
1208 3808 1285 3882 τινὲς

169 3901 210 3967 A.
232 3900 251 3985 ἡ
272 3901 457 3987 Ἦρωδιανοῦ
480 3906 524 3983 V)
547 3920 600 3972 aut
620 3932 677 3994 pro
699 3909 882 3974 Aristarcho
915 3910 959 3992 [A
980 3908 1041 3973 258
1063 3932 1154 3994 quem
1183 3908 1288 3973 locum

169 4001 590 4087 [00010000101οΜ276.
622 4010 649 4070 Ν
670 4009 740 4073 541.
773 4009 871 4075 072.
903 4008 1001 4074 Χ69.
1032 4010 1062 4071 Ψ
1082 4008 1135 4091 39)
1156 4018 1209 4072 aut
1229 4031 1287 4095 pro

232 4218 252 4282 ¹)
271 4219 303 4267 In
321 4218 455 4269 Catholicae
473 4220 651 4271 Herodianum
669 4221 805 4272 occasione
823 4221 885 4271 data
903 4220 1106 4272 deiectionibus
1136 4219 1281 4271 Homericis

272 4304 362 4369 egisse,
383 4305 478 4355 diserte
497 4306 656 4358 demonstrat
673 4307 753 4360 schel.
774 4308 841 4357 l'en.
861 4307 887 4356 Ψ
907 4308 963 4358 137.
