3009 4709
750 360 789 433 12

693 449 782 461 νων-ιν».
791 456 795 459 .
803 453 805 456 v
813 450 845 459 nrt

211 596 309 652 rente.
352 585 389 649 ld
411 608 475 649 non
496 583 596 648 minus
616 583 648 646 in
671 583 875 649 Herodianeis
898 607 990 669 quam
1011 585 1043 649 in
1066 584 1173 648 ceteris
1202 583 1326 648 scholiis

212 686 356 750 cernitur.
398 683 457 750 Usi
484 692 556 748 sunt
587 684 607 749 ii
636 684 687 770 qui
728 685 804 750 haec
834 684 951 749 scholia
983 684 1232 770 conscripserunt
1262 706 1326 749 non

212 783 385 850 Herodiani
414 783 453 849 dc
479 783 623 870 prosodia
650 784 745 849 Iliaca
774 807 878 871 opere,
915 784 971 850 sed
1004 784 1115 849 talibus
1143 783 1327 869 plerumque

213 885 375 970 excerptis,
397 883 499 968 qualia
521 884 736 970 epitomatores
758 908 834 970 quos
864 884 996 948 diximus
1018 885 1131 950 codicis
1160 885 1272 948 Veneti
1295 885 1326 948 A

212 992 457 1070 composuerunt.
506 983 552 1047 Ac
572 1007 664 1069 saepe
687 983 811 1069 quidem
833 985 908 1048 hacc
926 984 1042 1075 scholia
1060 984 1093 1046 in
1109 983 1328 1048 recentioribus

212 1083 367 1149 codicibus
388 1082 496 1147 iisdem
517 1082 617 1147 verbis
647 1093 786 1160 exstant,
816 1091 884 1163 aut,
919 1106 998 1168 quae
1030 1083 1063 1146 iu
1092 1083 1213 1147 Veneto
1236 1083 1267 1146 A
1288 1103 1328 1145 ex

212 1184 393 1249 Herodiano
406 1194 551 1268 excerpta
564 1192 643 1259 suut,
661 1183 752 1246 iuliis
771 1181 855 1245 libris
872 1183 1012 1246 breviore
1029 1183 1128 1246 forma
1143 1183 1328 1247 referuntur.

213 1282 337 1362 Quanto
358 1293 459 1348 autem
481 1283 572 1347 fucrit
593 1281 793 1366 neglegentia
814 1281 939 1345 illorum
952 1281 1184 1345 scholiastarum
1206 1281 1329 1366 Byzan·

212 1384 283 1448 tinis
322 1385 512 1469 temporibus
554 1381 763 1460 scribentium,
798 1380 1046 1466 ccompluribus
1078 1381 1153 1445 locis
1191 1391 1329 1468 apparet.

213 1484 275 1565 Sic,
298 1494 331 1547 ut
349 1505 446 1569 pauca
472 1482 614 1567 exempla
643 1480 780 1561 afferam,
809 1480 849 1544 ad
875 1481 980 1544 3393
1006 1480 1216 1560 Herodianus
1248 1492 1330 1568 post-

213 1606 305 1669 quam
327 1582 405 1647 dixit
426 1580 550 1645 ἐσσεῖται
572 1581 703 1646 formam
723 1581 870 1646 Doricam
884 1601 959 1660 esse,
982 1582 1058 1645 haec
1074 1581 1174 1644 addit:
1194 1580 1252 1664 ἤδη
1274 1579 1329 1699 γὰρ

212 1681 307 1763 πολλὴ
340 1690 446 1766 χρῆσις
473 1685 532 1742 τιδ)
560 1680 705 1743 τοιούτοιν
736 1687 792 1758 (sc.
826 1681 995 1744 formarum
1027 1681 1228 1755 Doricarum)
1250 1678 1331 1762 παρὰ

214 1781 366 1852 Ἀττικοῖς.
408 1779 504 1844 alain
533 1779 657 1844 scholiis
686 1779 788 1844 BLit
777 1788 907 1844 ttasun
928 1790 1026 1843 mutat
1028 1778 1216 1843 οετὸδὲ
1206 1802 1274 1843 εεσσ
1262 1787 1332 1843 ἴαται

211 1879 377 1945 ἱἈττικόν
367 1903 452 1960 εστιν,
483 1878 630 1944 ἔσσεται
621 1886 756 1961 εσσεῖται,
785 1882 866 1943 ἔσται
884 1885 924 1954 ¹)
966 1803 1095 1943 Initium
1126 1880 1253 1945 adnotat
1208 1882 1332 1946 tationis

213 1981 430 2048 Herodiaueae
451 2003 530 2067 quae
551 1991 597 2044 cst
618 1980 656 2044 cd
680 1985 706 2045 A
726 1931 788 2045 4b9
812 1982 872 2044 hoc
896 1990 956 2044 est:
977 1978 1118 2050 Ἀλεξίων
1140 1974 1280 2050 τδτόνδε
1302 1980 1331 2043 ἓν

213 2102 303 2163 μερος
323 2080 413 2161 λόγον
447 2079 598 2161 ἐκδέειγτα
628 2080 678 2143 καὶ
710 2081 878 2162 παροξύνει,
909 2076 957 2142 ἵνα
978 2075 1077 2142 ἰσοδον
1064 2083 1141 2160 νομῇ
1163 2080 1338 2196 ἀναφορικη

213 2182 249 2259 τη
270 2202 381 2244 τουτον
427 2180 554 2261 Τορανν’
526 2201 595 2243 ννιω
586 2178 652 2242 νἐδ.
674 2180 727 2242 δίο
750 2177 824 2262 μέρη
848 2178 939 2260 λόγον
963 2200 1029 2241 ποτε
1016 2181 1114 2241 ῖκτλ.
1137 2178 1333 2266 Contrarium

213 2280 246 2343 in
273 2280 379 2345 codice
410 2279 440 2342 V
471 2280 622 2345 refertur:
657 2280 709 2343 δίο
739 2277 814 2363 μέρη
842 2279 932 2360 λόγον
963 2279 997 2340 το
1026 2271 1075 2340 τὸν
1105 2274 1147 2359 δέ
1181 2276 1223 2351 ὥς
1246 2302 1308 2360 φη,
1308 2259 1502 2356 *Rs-⁴·

221 2380 368 2451 ΑλεΕίων.
393 2380 431 2444 Id
452 2384 617 2466 praecipue
638 2381 722 2444 istius
751 2381 835 2445 modi
863 2379 1119 2466 epitomatoribus
1151 2376 1335 2458 accidit‚t
1301 2387 1335 2440 ut
1462 2377 1502 2442 ²1

213 2479 483 2562 grammaticorum
497 2481 622 2545 nomina
638 2480 876 2546 confunderent
892 2485 917 2543 A
935 2480 995 2545 799
1010 2475 1248 2543 Herodianus?
1234 2497 1334 2539 ισκον-

212 2599 275 2651 τεςε
307 2577 502 2661 Ἀρίσταρχος
529 2577 605 2652 ἀξιοῖ
636 2578 684 2643 διὰ
706 2588 760 2664 τῆς
786 2603 811 2642 ει
841 2579 1001 2661 διφδόγγοο
1022 2575 1145 2661 γράφειν
1168 2580 1230 2640 κτλ.
1254 2572 1281 2638 οἱ
1302 2572 1333 2636 δὲ

213 2678 279 2760 περὶ
297 2672 346 2742 τὸν
360 2677 522 2750 Ἀλεξίωνα
544 2678 592 2742 διὰ
613 2684 686 2742 τοῦτ
702 2678 794 2761 μόνον
818 2676 1059 2761 συνεσταλμένου.
1081 2674 1163 2757 κάγὼ
1177 2675 1209 2738 δὲ
1222 2675 1335 2747 τοι3τοις

215 2779 457 2860 συγκατατίθεμαι
489 2781 551 2842 κτλ.
595 2778 673 2844 Cod.
704 2778 751 2843 V:
790 2778 958 2861 Ζηνόδοτος
995 2777 1043 2842 διὰ
1072 2783 1124 2840 τοῦ
1147 2799 1155 2837 ι
1177 2782 1231 2851 (an
1260 2771 1332 2856 ενδ).
1409 2833 1411 2836 ,

214 2874 230 2940 ὁ
253 2876 286 2940 δὲ
305 2875 487 2961 Ἡρωδιανὸς
509 2878 557 2943 διὰ
570 2885 621 2942 τοῦ
645 2902 653 2942 ι
670 2877 799 2961 βραχέος
819 2883 904 2962 φησίν
929 2874 1001 2941 εἶναι
1018 2877 1070 2956 τὴν
1086 2876 1212 2958 γραφήν.
1235 2876 1334 2939 Ν809

217 2976 241 3039 V
267 2977 306 3042 dc
327 2977 427 3060 μακρὰ
449 2974 615 3059 Aspicies:
638 2978 833 3060 Ἀρίσταρχος
855 2976 887 3042 δέ
910 2999 1006 3061 φησιν,
1029 2974 1079 3039 ἐὰν
1101 2970 1233 3057 ὁξτίνηται
1255 2977 1335 3038 ἔσται

214 3076 314 3160 μακρὰ
346 3076 439 3160 βιβάς.
482 3078 698 3145 Herodianum
737 3079 840 3144 dicere
867 3078 973 3160 voluit,
1008 3078 1064 3162 qui
1104 3076 1334 3140 adnotationem

214 3198 302 3240 suam
323 3176 370 3239 his
392 3179 495 3244 verbis
518 3180 690 3244 concludit:
722 3176 917 3262 παραιτητέον
951 3177 985 3240 δὲ
1005 3176 1055 3238 καὶ
1081 3176 1149 3248 τοὺς
1179 3173 1336 3247 ὃξιίνοντας

217 3273 260 3348 ὡς
289 3276 427 3361 δεύτερον
457 3275 604 3360 ἀόριστον.
649 3276 849 3341 Contrarium
877 3275 991 3338 factum
1029 3291 1097 3335 csse
1123 3270 1264 3334 ridemus
1295 3268 1336 3332 ad

216 3378 320 3443 {1353
343 3388 373 3443 et
395 3381 420 3441 ll
442 3378 492 3459 59,
515 3378 567 3441 ubi
578 3377 776 3441 Herodianus
791 3375 964 3450 Aristarchi
978 3374 1080 3437 locum
1093 3368 1219 3435 obtinet.
1253 3366 1336 3432 Nam

216 3478 319 3562 priore
340 3478 408 3543 loco
431 3478 532 3544 verbis
564 3472 597 3541 τδ
617 3474 666 3539 ἵνα
688 3474 749 3539 ἀντὶ
771 3498 823 3538 του
846 3472 897 3537 ἐὰν
931 3470 1013 3555 παρὰ
1032 3470 1211 3554 Ηρονδιανῳ
1241 3468 1337 3555 epito-

216 3601 267 3641 ma
267 3588 367 3644 torem
388 3579 465 3643 nihil
486 3578 570 3643 aliud
592 3576 770 3672 significare
791 3574 932 3655 voluisse,
961 3572 1019 3636 nisi
1039 3568 1088 3634 ἵνα
1107 3591 1165 3656 pro
1187 3564 1238 3631 ἐοὶν
1259 3590 1337 3633 voce

216 3676 349 3762 positum
386 3698 452 3743 esse
482 3672 527 3757 (τὸ
547 3673 593 3740 ἵνα
626 3674 682 3757 οὐχ
712 3673 863 3758 ὁμηρικῶς
892 3667 1133 3754 παρειληπται
1120 3668 1180 3732 αντὶ
1211 3672 1263 3731 τοῦ
1284 3665 1336 3730 ἐάν

218 3776 307 3841 Arist
295 3785 384 3857 ton),
415 3787 521 3862 aperte
491 3776 774 3841 tdemoustrant
761 3785 881 3859 tquae
911 3781 1096 3857 sequuntur:
1131 3762 1252 3833 δυνατὸν
1279 3765 1336 3850 γὰρ

218 3865 377 3959 σύνδεσμον
400 3873 461 3940 ἀντὶ
482 3874 645 3958 σονδὲσμοο
667 3876 858 3962 παραλαβεῖν.
901 3871 1013 3958 Neque
1035 3871 1125 3935 aliter
1143 3878 1337 3957 comparatus

218 3986 264 4042 cst
285 3975 363 4042 citer
383 3977 486 4041 locus:
520 3973 536 4039 ὁ
559 3975 593 4040 δὲ
613 3969 797 4059 Ἡρωδιανὸς
819 3971 975 4054 αἰτιατικὴν
1006 3968 1069 4035 ἀντὶ
1095 3978 1217 4054 γενεκῆς
1240 3990 1337 4050 φησιν,

218 4075 273 4142 ubi
293 4076 503 4141 Aristonicus:
525 4075 544 4160 ἡ
569 4075 653 4161 διπλη
674 4073 717 4140 ὅτι
739 4074 802 4140 ἀντὶ
828 4081 880 4139 τοῦ
904 4071 1044 4158 ἆτιμήτοο
1070 4071 1252 4155 μετανάσται)
1274 4070 1337 4133 κτλ.

227 4224 528 4235 ,.-..----.--.-.....

282 4292 305 4357 ¹)
324 4293 356 4346 V.
377 4293 410 4342 dc
428 4293 478 4342 hcc
497 4293 554 4342 loco
573 4290 665 4351 Lehm,
685 4287 782 4338 Herod.
801 4304 826 4352 p.
845 4286 896 4335 ‘208
915 4301 955 4349 sq.
