3009 4709
247 617 327 684 Her.
350 616 541 699 2911205
562 615 639 681 Arc.
662 614 734 694 221,
753 613 803 677 21.

247 718 326 784 Her.
349 718 450 797 300,3
472 746 514 771 τ-
535 717 611 782 Arc.
634 715 746 795 222,1.

249 819 322 883 Duo
346 816 474 880 maximi
502 817 648 883 momenti
676 826 747 880 sunt
779 815 820 879 ad
849 816 932 880 hanc
951 814 1167 896 quaestionem
1198 815 1307 880 diiudi-

186 919 328 983 candam.
371 916 422 980 Ac
454 917 537 1002 prius
571 915 695 1000 quidem
729 915 762 978 id
790 924 844 996 est,
874 913 967 997 quod,
1002 915 1028 978 si
1061 915 1307 1002 corruptelarum

188 1018 338 1082 rationem
361 1037 425 1081 non
447 1016 606 1097 habemus,
630 1017 661 1079 in
683 1016 757 1103 ipsis
779 1013 951 1097 dequibus
982 1015 1086 1100 agitur
1105 1018 1198 1081 rebus
1222 1015 1308 1080 nulla

190 1117 360 1182 differentia
382 1118 461 1181 inter
480 1118 648 1203 epitomem
670 1126 701 1181 et
715 1116 831 1181 librum
851 1114 918 1198 περὶ
940 1115 1086 1195 διχρόνων
1108 1114 1309 1200 conspicitur.

189 1217 348 1283 Excidisee
376 1237 449 1280 sane
478 1217 573 1301 longe
603 1215 737 1302 plurima
765 1215 848 1303 apud
881 1214 1054 1281 Arcadium
1080 1226 1225 1303 apparet3
1246 1238 1307 1281 nec

187 1320 268 1385 liber
278 1316 345 1401 περὶ
358 1316 505 1399 διχρόνων
521 1318 647 1402 integer
660 1325 706 1381 est
728 1315 843 1398 (Lehrs
864 1338 895 1402 p.
916 1315 1002 1400 408),
1024 1317 1055 1379 in
1076 1335 1138 1399 quo
1161 1328 1309 1384 etenum

188 1439 337 1483 canonem
366 1417 419 1498 qui
447 1425 549 1482 exstat
590 1419 665 1480 Arc.
697 1438 727 1501 p.
758 1416 828 1496 220,
847 1416 886 1481 23
919 1425 951 1480 ct
981 1417 1134 1483 nonnulla
1167 1418 1309 1503 exempla

190 1519 300 1583 omissa
313 1538 380 1582 esse
399 1538 439 1580 cx
452 1507 594 1582 ‘Arcadio
614 1515 768 1581 videmus:
790 1516 934 1600 exempla
953 1515 1038 1586 onim
1050 1517 1089 1580 ab
1103 1515 1315 1603 epitomatore-

188 1617 292 1681 addita
305 1639 371 1683 esse
384 1637 475 1682 nemo
495 1615 615 1701 putabit
631 1622 668 1697 ¹).
691 1613 799 1682 Semel
816 1617 895 1680 miro
915 1615 1009 1680 modo
1028 1615 1142 1679 factum
1159 1624 1214 1697 eet,
1227 1626 1262 1679 nt
1277 1618 1309 1681 in

189 1717 324 1803 epitoma
335 1716 395 1797 lex,
413 1715 446 1778 in
464 1715 544 1779 libro
560 1714 627 1797 cepi
647 1716 725 1797 διχρ.
741 1715 882 1801 exceptio
895 1729 1069 1780 servaretur
1090 1715 1177 1798 (Are.
1192 1740 1222 1802 p.
1239 1718 1309 1795 221,

189 1817 218 1892 3,
230 1816 305 1881 Her.
317 1816 386 1896 296,
400 1818 461 1898 17).
484 1814 550 1881 Scd
564 1816 641 1881 haec
660 1817 764 1881 omnia
778 1815 856 1880 nihil
868 1815 908 1879 ad
920 1838 985 1897 noe,
997 1839 1070 1882 cum
1080 1816 1140 1880 hoc
1151 1815 1220 1880 loco
1232 1838 1308 1881 non-

187 1916 261 1999 quid
275 1917 493 2003 epitomatoros
506 1926 536 1980 ot
548 1915 665 1981 librarii
676 1915 844 1996 omiserint,
856 1914 912 1980 sed
925 1915 1000 1995 quid
1008 1914 1205 1982 Herodianus
1216 1917 1311 2002 scrip·

188 2016 263 2081 serit
278 2039 429 2082 curemus.
447 2055 479 2065 ·-
489 2017 600 2081 Altero
612 2017 682 2081 loco
695 2014 802 2094 aliero,
813 2014 954 2079 ordinem
968 2038 1123 2082 canonum
1135 2015 1167 2080 in
1176 2026 1310 2099 utroque

191 2116 272 2180 libro
286 2116 419 2183 eundem
437 2139 513 2197 esse,
534 2116 671 2202 exceptis
690 2116 810 2180 duobus
832 2118 871 2198 ²),
893 2132 970 2196 quos
983 2113 1193 2201 epitomatoris
1205 2135 1311 2188 errore

190 2218 325 2284 suoloco
346 2217 474 2283 omissos
493 2234 600 2301 postea
623 2214 746 2281 additos
765 2238 833 2281 csse
857 2235 988 2296 censeo;
1004 2215 1058 2280 sed
1078 2214 1152 2297 quid
1171 2214 1204 2278 in
1225 2224 1311 2279 tanto

189 2340 322 2383 numero
346 2317 407 2383 duo
438 2315 569 2380 valent?
611 2315 700 2382 Haec
733 2325 838 2381 autem
866 2316 1069 2399 congruentia
1101 2337 1138 2380 co
1159 2314 1312 2398 gravioris

193 2417 340 2481 momenti
360 2429 414 2498 est,
444 2436 505 2500 quo
529 2416 644 2481 maiore
671 2416 796 2481 licentia
828 2416 1043 2481 Herodianum
1071 2416 1104 2480 in
1125 2413 1313 2479 collocandis

191 2518 240 2582 his
262 2518 428 2582 canonibus
460 2539 550 2580 usum
580 2537 646 2583 esse
671 2517 811 2582 videmus
826 2520 867 2599 ³).
888 2553 929 2564 -·-
953 2513 1042 2594 Quae
1074 2539 1145 2580 cum
1171 2515 1215 2579 ita
1242 2513 1313 2595 sint⁷

134 2661 142 2671 ι
192 2618 279 2681 nulla
300 2628 344 2681 cst
367 2641 466 2697 causa,
489 2640 544 2682 cur
564 2617 595 2682 id
617 2626 794 2699 statuamus,
816 2615 900 2699 quod
922 2616 959 2681 iis
969 2615 1022 2698 qui
1045 2616 1161 2682 librum
1182 2613 1312 2696 π.διχρ.

190 2727 312 2805 partem
334 2716 512 2783 Catholicae
532 2739 594 2781 non
617 2737 684 2784 esre
711 2716 908 2799 arbitrantur,
930 2719 1103 2790 necessario
1117 2714 1315 2780 statuendum

192 2827 252 2883 cst:
272 2817 489 2883 Herodianum
510 2828 562 2881 aut
586 2807 658 2882 ante
681 2816 876 2882 Catholioam
899 2817 1101 2902 compositam
1132 2826 1185 2879 aut
1205 2824 1314 2900 postca

194 2915 364 2981 doctrinam
397 2914 464 2998 περὶ
501 2915 651 3000 διχρόνων
684 2917 836 3004 singulari
871 2916 952 2983 libro
985 2918 1088 3000 (atquc
1117 2939 1156 2982 eo
1189 2915 1314 2999 quidem

193 3034 285 3098 quem
308 3039 390 3081 nunc
411 3018 571 3099 habemus)
592 3040 650 3083 nec
671 3040 800 3104 prorsus
822 3016 932 3083 eadem
950 3016 1069 3081 ratione
1091 3024 1252 3080 tractasse.¹

254 3206 274 3269 ¹)
293 3206 353 3255 Duo
380 3205 458 3269 primi
484 3218 595 3254 canonos
620 3204 724 3253 Arcadii
750 3222 777 3269 p.
804 3206 864 3265 211,
898 3207 936 3254 12.
968 3205 997 3252 17
1027 3203 1061 3251 ad
1089 3203 1231 3252 doctrinam
1260 3200 1316 3273 περὶ

291 3286 396 3360 χρόνων
412 3290 441 3337 in
468 3289 630 3351 universnm,
653 3306 704 3339 non
722 3291 756 3355 apd
775 3290 906 3355 singulare
925 3287 980 3359 περὶ
998 3285 1124 3359 διχρόνων
1143 3294 1220 3353 caput
1238 3290 1315 3352 perti·

293 3382 364 3427 nent.
377 3403 410 3412 -
420 3375 546 3441 Exempla
564 3390 632 3439 quac
642 3374 698 3424 dico
715 3376 780 3425 haec
797 3382 874 3426 sunt:
894 3373 982 3442 δελρίν
1000 3373 1070 3426 datin
1087 3377 1145 3424 Arc.
1161 3392 1186 3439 p.
1199 3377 1259 3436 217,
1271 3378 1314 3423 21.

292 3458 393 3516 Αἰνείας
421 3463 479 3523 218,
497 3464 523 3511 2.
550 3458 715 3529 latraverit.
735 3458 868 3530 κερδοσύνη
889 3463 932 3516 22,
956 3460 1067 3529 πνρκαῖᾶ
1084 3463 1142 3521 219,
1163 3462 1187 3513 7.
1217 3459 1270 3528 pud
1290 3462 1316 3512 8.

275 3543 385 3615 ’ἐνέδρα
408 3548 448 3598 18.
473 3539 539 3603 ὀξεῖα
557 3549 599 3596 24,
623 3544 743 3616 χαρίεσσα
761 3550 820 3610 220,
841 3552 864 3599 1.
890 3545 974 3615 Σαμία
992 3551 1016 3598 2,
1037 3544 1167 3617 πλοιάριον
1188 3551 1227 3600 10.
1251 3544 1315 3616 depr·

296 3627 339 3686 νός
358 3633 397 3679 16.
423 3625 499 3682 ἱστᾶσι
518 3635 560 3682 21.
585 3626 687 3701 ’κιχρὰιι
709 3636 750 3687 22.
772 3630 824 3701 ἄρα
842 3637 907 3696 221,
937 3633 1014 3700 7(an
1033 3630 1156 3702 dpaipall.
1176 3629 1225 3703 ἔρις
1246 3630 1318 3689 Θέτις

296 3721 368 3783 μῆνις
385 3713 459 3786 Πάρις
480 3720 518 3767 11.
539 3713 589 3787 ἔχις
610 3722 648 3768 15.
668 3716 773 3788 mpori:
794 3723 833 3769 18.

257 3805 277 3870 ²)
296 3808 355 3860 Arc.
375 3810 433 3871 221,
455 3813 485 3861 10
501 3832 537 3854 ==
555 3812 618 3860 Her.
638 3815 697 3873 288,
715 3816 757 3868 18,
779 3813 839 3869 Arc,
863 3818 923 3877 222,
943 3817 958 3866 3
976 3833 1012 3855 =
1029 3815 1096 3868 Her,
1114 3815 1173 3875 282,
1192 3816 1222 3874 4;
1241 3813 1318 3863 huius

296 3895 403 3945 canonis
427 3912 486 3961 pars
510 3898 539 3946 in
563 3898 630 3948 libro
649 3914 676 3951 aa
705 3896 770 3966 διχρ,
795 3900 890 3951 omissa
916 3906 963 3963 est,
989 3917 1068 3965 quam
1090 3899 1192 3950 librarii
1214 3899 1317 3963 culpem

296 3980 419 4032 laentzius
438 4000 466 4048 p.
488 3987 536 4032 113
562 3984 596 4032 ad
615 3984 843 4035 demonstrandam
868 3986 976 4035 duorum
1002 3985 1126 4033 librorum
1145 3982 1317 4032 differentiam

296 4064 388 4115 afferre
406 4083 459 4118 non
478 4067 577 4120 debuit.

256 4153 276 4222 3)
295 4157 376 4208 Ιιοδνο
403 4178 429 4225 p.
454 4162 520 4210 408:
551 4161 593 4210 dio
618 4160 778 4227 Anordnung
802 4161 836 4212 ist
859 4161 1045 4228 grosscntheils
1070 4161 1172 4214 unkla-r.
1211 4162 1267 4212 Imo
1292 4162 1320 4210 in

296 4237 447 4293 universum
459 4245 509 4294 dici
528 4252 622 4310 potest,
643 4248 742 4298 etiamsi
763 4248 888 4313 quosdam
907 4261 1019 4298 canones
1037 4248 1105 4297 inter
1122 4263 1150 4297 se
1168 4249 1320 4300 coniunctos

295 4344 351 4381 esse
369 4335 484 4398 apparet,
504 4332 620 4384 ordinem
640 4334 717 4388 tutas
736 4335 798 4385 libri
816 4336 919 4385 omnino
938 4333 1040 4384 nullum
1058 4348 1125 4388 esse.
