3009 4709
665 388 816 492 Ab...

180 614 282 681 editos
293 634 363 680 esse
375 614 411 696 ι),
432 635 495 680 uno
516 611 586 679 loco
609 613 662 700 qui
683 626 731 681 est
751 617 784 680 in
801 612 883 681 libro
905 613 944 681 de
958 614 1028 680 adv.
1044 637 1073 701 p.
1088 614 1196 697 5325
1217 612 1296 680 haec

174 714 325 799 legimus:
356 712 405 777 τὸν
426 720 557 779 τοιοῦτον
577 712 664 794 λόγον
686 711 896 797 ἀκριβέστερον
919 712 949 777 ἐν
971 716 1014 800 τῷ
1035 717 1102 797 περὶ
1124 712 1291 787 συντάξεως

178 813 381 896 §seruauere
415 812 503 879 Licet
534 814 629 899 igitur
649 814 710 880 hoo
729 815 768 880 ad
790 816 867 881 illud
887 816 971 899 quod
993 814 1058 881 dixi
1078 814 1296 901 neglegentiae

179 937 280 1001 genus
300 914 416 979 referre
437 924 489 978 aut
517 913 666 995 conicere,
708 914 912 1001 Apollonium
939 926 1001 981 tres
1029 916 1203 997 dequibus
1231 914 1296 1000 agi·

180 1039 248 1082 mus
269 1014 366 1080 libros
388 1014 496 1081 eodem
524 1015 590 1080 fere
618 1022 758 1099 tempore
790 1017 934 1081 emisisse.
975 1016 1086 1081 Potest
1116 1014 1208 1081 etiam
1236 1024 1296 1078 ter-

180 1117 257 1181 tium
278 1116 418 1199 cogitari.
451 1114 531 1180 Cum
553 1113 636 1179 enim
656 1137 739 1180 nunc
761 1114 842 1182 inter
865 1139 972 1182 omnes
994 1124 1122 1195 constet,
1147 1122 1178 1181 ct
1200 1113 1296 1179 libros

182 1218 221 1284 dc
242 1215 470 1284 cousbuctione
491 1237 554 1279 non
575 1234 642 1280 esse
663 1237 739 1301 opus
760 1215 931 1301 perfectum
953 1224 984 1280 et
1004 1215 1129 1281 eosdem
1158 1214 1296 1280 omnium

102 1334 104 1338 ’
180 1338 256 1402 quos
278 1317 390 1382 scimus
405 1314 572 1402 Apollonii
594 1313 744 1380 librorum
766 1314 936 1400 posirernos
965 1337 1032 1380 osse
1059 1314 1158 1397 (cuius
1179 1314 1224 1380 rei
1246 1337 1295 1378 ar·
1359 1375 1362 1387 ,

181 1427 331 1504 gemente
363 1416 466 1482 denuo
498 1415 637 1501 proferre
665 1414 796 1500 nolo)²)‚
818 1436 921 1481 nonne
952 1415 1024 1480 satis
1045 1414 1206 1502 probabile
1238 1425 1296 1495 est,

182 1519 280 1604 ipsum
294 1516 502 1603 Apollonium
530 1535 583 1580 eos
614 1536 716 1599 neque
737 1515 906 1581 absolvisse
926 1536 1028 1599 neque
1050 1515 1296 1600 edidissel'Ap-

112 1607 114 1616 ¹
182 1628 393 1705 perstantem
415 1638 432 1681 e
453 1615 523 1680 loco
545 1613 598 1679 illo
620 1615 673 1698 qui
701 1624 747 1680 est
777 1615 815 1681 de
843 1616 914 1681 adv.
936 1640 966 1703 p.
988 1617 1060 1701 532.
1083 1616 1112 1698 6,
1142 1614 1294 1698 quaedam

181 1725 208 1783 e'
222 1719 308 1783 libris
332 1717 370 1782 de
391 1714 619 1780 constructione
640 1716 702 1782 iarn
721 1726 794 1781 ante
815 1717 900 1781 hunc
919 1717 1023 1782 locum
1051 1718 1166 1800 scripta
1191 1716 1293 1782 fuisse.

185 1818 292 1901 Itaque
312 1816 339 1882 si
360 1815 546 1902 Apollonius
569 1814 678 1881 eodem
707 1816 772 1881 fere
794 1827 933 1902 ternpore
955 1816 988 1880 in
1010 1816 1237 1882 conscribendis
1258 1816 1295 1880 li·

181 1919 241 1984 bris
264 1919 303 1982 de
325 1918 555 1987 constructione
576 1925 607 1980 et
629 1914 667 1981 de
688 1915 843 1981 adverbiis
865 1925 897 1981 et
918 1917 1016 1999 (quod
1032 1916 1206 1984 necessario
1220 1916 1294 1980 inde

179 2019 331 2102 sequitur)
354 2015 393 2083 de
420 2014 586 2102 participiis
614 2015 672 2079 fuit
700 2017 920 2100 occupatus³),
949 2018 1080 2084 fortasse
1111 2040 1152 2082 ne
1181 2015 1294 2080 librum

182 2121 219 2186 de
240 2117 394 2184 adverbiis
413 2115 537 2198 quidem
557 2117 623 2203 ipse
647 2114 742 2181 edidit
763 2126 855 2199 atque
875 2118 918 2182 its
937 2117 1053 2181 factum
1076 2125 1130 2197 est,
1152 2125 1186 2180 ut
1209 2109 1294 2178 ἐκτέ-

181 2223 272 2283 θειται
293 2217 370 2282 illud
391 2240 456 2281 non
477 2218 693 2301 corrigeretur.
718 2218 769 2282 Ac
790 2219 814 2281 si
836 2218 896 2284 hoc
918 2238 1027 2281 verum
1048 2226 1102 2298 est,
1124 2215 1208 2279 haud
1230 2216 1293 2279 scio

181 2342 218 2383 an
241 2339 486 2397 emerseram,
520 2335 581 2398 quo
603 2339 675 2403 pars
705 2316 806 2402 operis
828 2319 868 2382 de
898 2315 1123 2382 constructione
1150 2315 1231 2379 libro
1255 2315 1294 2378 dc

182 2418 334 2483 adverbiis
347 2416 552 2481 adiunctat
506 2425 561 2497 est,
574 2415 733 2495 “)555ἰ555
745 2414 812 2481 iurc
825 2417 982 2484 veteribus
1000 2415 1168 2482 editoribus
1181 2416 1294 2480 horum

182 2518 332 2584 librorum
353 2538 446 2604 quam
465 2463 596 2582 librariis
617 2516 796 2583 tribuamus.
1339 2511 1344 2518 ’

248 2616 311 2684 Sed
330 2617 511 2684 fortasse
481 2617 591 2682 nimius
613 2617 694 2684 fui
685 2641 716 2682 1n
744 2617 901 2705 capiendis
926 2616 1119 2684 conlecturis
1163 2616 1294 2684 Summa

182 2742 256 2786 vcro
275 2743 321 2786 rer
313 2721 420 2785 baec
441 2727 503 2783 cst:
524 2717 612 2784 locus
632 2718 671 2783 de
692 2718 762 2783 adv
774 2743 804 2805 p
818 2720 889 2801 532,
913 2720 932 2783 5
955 2720 999 2783 ita
1019 2717 1167 2805 explicari
1183 2726 1295 2804 potest

179 2834 298 2914 utnon
323 2841 449 2886 necesse
477 2819 516 2882 sit
547 2819 587 2883 ad
605 2818 739 2883 Dronkii
768 2819 954 2928 sententiam
983 2818 1022 2884 de
1050 2842 1112 2886 uno
1134 2764 1295 2904 Apollonii

182 2995 487 3007 ——--—-—-·u—-———-

243 3110 262 3177 ¹)
283 3110 316 3165 v,
339 3109 373 3159 55
395 3108 455 3159 aas.
483 3123 511 3173 p.
530 3108 588 3169 555,
606 3109 649 3161 ss.
677 3110 737 3171 sat,
757 3111 781 3158 a.
808 3110 867 3170 555,
887 3111 929 3159 aa
957 3111 1016 3170 545,
1039 3111 1077 3159 55.
1108 3111 1167 3168 555,
1187 3110 1230 3160 ss.
1263 3105 1296 3158 55

283 3199 377 3247 constr.
396 3211 422 3260 p.
445 3196 484 3254 rs,
503 3195 555 3247 aa.
571 3195 612 3254 55,
632 3196 656 3243 a.
680 3196 723 3257 55,
744 3196 785 3249 rs,
810 3196 852 3256 55,
873 3197 914 3247 10.
933 3196 992 3255 soa,
1012 3197 1052 3245 10.
1070 3196 1130 3256 ses,
1149 3197 1172 3243 o.
1193 3196 1251 3257 sor,
1271 3197 1294 3243 5.

228 3325 230 3330 4
284 3284 342 3344 aar,
361 3282 403 3330 55.
423 3280 482 3341 555,
501 3282 525 3331 a.
547 3279 589 3346 [ae
607 3280 678 3344 aaa]
697 3282 757 3341 ore,
776 3282 817 3331 ao.
836 3282 894 3342 aas,
913 3282 955 3331 st.

242 3401 262 3469 ²)
282 3402 315 3457 V.
325 3399 476 3462 Schneider,
493 3398 576 3452 rhein.
589 3399 656 3448 Mus.
677 3401 692 3448 3
710 3416 735 3463 p.
755 3401 816 3452 455.
836 3398 1020 3448 Graefenhahn
1039 3401 1055 3447 3
1073 3416 1100 3463 p.
1117 3401 1175 3451 151.
1196 3399 1298 3463 Lange,

284 3488 331 3538 das
355 3487 459 3551 System
482 3485 528 3535 der
549 3485 625 3549 Synt.
654 3484 699 3533 dcs
718 3485 766 3549 Ap.
785 3502 810 3549 p.
831 3487 872 3532 42.
910 3486 1002 3550 Egger,
1022 3486 1071 3556 Ap.
1090 3487 1171 3549 Dyso.
1190 3502 1215 3549 p.
1237 3487 1296 3537 2⁴20.

285 3572 393 3624 Dronke
410 3570 430 3624 l.
461 3585 483 3621 o.
503 3587 529 3634 p.
547 3572 607 3624 562.
643 3569 783 3632 suit-ubal,
802 3570 896 3619 Gesch.
916 3570 941 3620 d.
960 3571 1093 3636 SprachW.
1111 3588 1136 3635 p.
1157 3573 1215 3621 690.

244 3692 439 3762 3515551158555
462 3705 515 3744 non
538 3704 655 3756 possum,
681 3705 725 3737 cur
749 3689 880 3739 Dronkius
904 3690 930 3739 id
956 3690 1025 3755 quod
1052 3690 1130 3740 hodie
1147 3706 1225 3756 saepe
1242 3692 1298 3741 ficri

286 3778 415 3841 ridemus,
443 3793 501 3826 cum
519 3771 551 3825 de
569 3774 706 3840 Apollonio
722 3780 822 3842 agatur,
851 3776 1147 3840 prorsus-reiectaneum
1167 3793 1222 3826 esse
1240 3793 1298 3826 cen-

287 3864 367 3914 suerit
392 3862 426 3929 (p.
451 3860 520 3928 565).
556 3861 625 3910 Num
652 3861 713 3910 inde
737 3861 806 3925 quod
834 3861 912 3911 libros
937 3862 969 3910 de
987 3864 1176 3913 constructione
1192 3870 1250 3928 post
1268 3865 1299 3912 li·

287 3950 362 3998 brom
386 3948 418 3999 de
437 3947 587 4014 pronomine
612 3946 715 4010 scripsit
733 3946 788 3996 ullo
809 3947 885 3996 modo
904 3947 1027 4011 sequitur,
1049 3963 1107 3997 eum
1130 3964 1297 4013 nunquam

286 4035 315 4084 in
336 4034 436 4084 duobus
453 4035 496 4084 rel
516 4034 596 4082 tribus
615 4032 735 4097 operibus
754 4032 831 4081 simul
850 4039 1003 4097 occupatum
1020 4034 1118 4085 fuisse?

245 4153 265 4221 ⁴)
284 4154 427 4205 Schneider
450 4154 470 4208 l.
495 4169 517 4207 o.
537 4169 562 4218 p.
582 4153 633 4200 446
652 4168 708 4217 sqq.
744 4152 831 4218 Egger
848 4170 873 4217 p.
893 4154 935 4205 21.
972 4153 1181 4203 Etiam'aliain
1202 4155 1299 4205 hooli-

289 4244 335 4293 bro
358 4255 410 4293 non
427 4246 496 4292 recte
522 4255 578 4291 sese
595 4240 693 4291 habere
712 4239 898 4321 demonstrarit
915 4238 1056 4301 Dronkius‚
1075 4240 1158 4295 rhein.
1180 4241 1246 4292 Mus.
1268 4243 1299 4290 12

286 4344 314 4396 p.
334 4330 383 4382 321
402 4341 458 4396 eqd

357 4427 367 4437 “
1078 4411 1102 4473 4
