3009 4709
736 335 785 410 bb

683 426 705 436 νυ
716 425 815 437 «νωινψν
824 426 833 435 α

204 554 357 640 &pordes
384 558 426 624 ab
446 558 571 644 integro
598 557 741 645 quopiam
773 556 862 650 titulo
885 556 1005 626 divulsa
1026 573 1233 624 esse-smnmo
1255 555 1323 624 iure

202 657 376 744 proposuit3
405 658 562 743 pertinere
588 659 666 725 haec
698 658 738 730 nd
768 659 908 722 Ἀττικῶν
935 655 1046 729 λέξεων
1069 656 1237 736 συναγιοᾱν
1267 680 1322 722 nov

201 755 277 822 mini
307 753 434 824 Orionis
460 756 668 826 Alexandrini
696 779 715 822 a
747 757 845 826 Subla
874 755 1044 847 oddictam‚
1079 756 1255 822 coniectura
1276 767 1323 823 est

200 854 361 922 Ritscbelii
386 878 449 922 non
475 856 577 923 minus
598 858 736 943 speciosa
763 880 856 942 quarn
876 856 1005 952 ipeerta.
1049 854 1239 922 addendum
1261 868 1321 937 est,

201 957 241 1020 ab
273 953 506 1041 Ortncgrapnia
545 955 603 1023 Ori
625 964 655 1033 ¹)
706 957 863 1028 diversum
913 955 1007 1022 fnisse
1056 956 1322 1036 commentarium,

201 1077 295 1139 quem
323 1052 356 1120 in
382 1053 559 1128 Herodieui
593 1045 861 1141 Orthoprapbiam
890 1054 1077 1141 composuit,
1108 1055 1140 1120 in
1169 1077 1324 1143 quocum

200 1154 386 1252 plerumque
409 1153 611 1240 impugnasse
633 1153 806 1230 Herodieni
827 1153 994 1220 sententias
1015 1154 1163 1241 ‚suspicari
1184 1155 1265 1222 licat

266 1253 324 1321 Ori
344 1253 439 1338 igitur
457 1253 725 1340 Ortbograpbiarn
746 1251 823 1317 κατὰ
839 1255 1206 1342 motpsroseonseriptam
1227 1255 1322 1322 ruisse

199 1354 337 1424 abidda
358 1355 581 1441 comperirem,
604 1351 714 1418 eadem
736 1363 840 1418 autern
860 1351 981 1430 ratione
1007 1352 1224 1422 Herodianum
1246 1378 1323 1443 opus

200 1479 292 1520 suurn
314 1453 508 1539 disposuisse,
536 1454 747 1539 compluribus
778 1453 817 1517 de
846 1451 945 1518 causis
971 1465 1082 1544 putare
1112 1454 1229 1522 dubito
1273 1455 1323 1519 Ac

199 1556 337 1644 primum
358 1555 485 1642 quidem
505 1564 635 1641 propter
665 1553 697 1617 id
719 1551 821 1639 ipsum
849 1552 933 1638 quod
962 1552 1074 1621 Suides
1102 1554 1154 1622 vel
1173 1554 1323 1642 potiusis

201 1679 293 1741 quem
327 1653 489 1740 exscripsit
507 1650 586 1722 κατὰ
611 1660 757 1735 στοιχεῖον
785 1653 913 1735 addidit,
942 1675 1051 1738 parum
1079 1653 1241 1739 probabile
1266 1665 1322 1735 est,

201 1757 262 1822 boc
284 1752 466 1841 disponendi
486 1773 590 1839 genus
611 1752 757 1820 usitatum
769 1754 1051 1840 pervulgatuniqne
1070 1751 1174 1820 fuisse.
1197 1752 1323 1826 Deinde

201 1855 324 1924 tertiam
347 1852 599 1938 Orthographiee
620 1863 751 1938 partem,
775 1855 860 1922 cuius
876 1854 1088 1938 fragmentnnr
1109 1875 1204 1938 supra
1219 1853 1323 1919 ePri-

199 1955 304 2020 seiano
319 1951 485 2033 attulimus,
506 1952 665 2016 literarum
680 1952 790 2018 ordine
805 1953 983 2038 dispositam
1003 1973 1067 2017 non
1087 1953 1181 2019 fuisse
1200 1976 1239 2019 ex
1255 1954 1323 2040 ipsa
1408 1968 1411 1972 ’

199 2053 266 2120 eius
287 2061 397 2118 natura
417 2061 554 2137 apparet,
577 2074 647 2117 cnm
668 2052 744 2116 tales
766 2053 855 2137 leges
876 2075 939 2117 non
963 2053 1003 2117 ad
1024 2051 1148 2138 singula
1171 2053 1323 2142 vopabula

199 2153 387 2239 pertincant.
427 2151 497 2220 Nec
516 2174 579 2216 non
601 2151 634 2216 in
655 2153 758 2230 altere
777 2153 854 2217 tales
875 2152 963 2238 leges
984 2153 1202 2233 tractabantur,
1225 2153 1322 2218 veluti

201 2274 280 2339 queo
302 2251 340 2324 de
362 2249 403 2334 ἂμ
423 2254 552 2334 βωμοῖσι
574 2251 775 2320 Herodianus
798 2252 909 2333 docuit,
932 2251 1000 2336 quis
1022 2261 1110 2337 putet
1130 2251 1164 2316 in
1185 2252 1322 2319 unoboc

201 2351 345 2438 exemplo
365 2351 468 2434 fuisse·
487 2348 723 2416 demonstrato?
764 2351 806 2416 Et
835 2371 909 2417 sune
936 2375 976 2417 ex
999 2350 1057 2418 Ori
1086 2350 1324 2438 Orthographia

204 2451 282 2522 nini}
302 2452 393 2518 nobis
413 2449 559 2518 traditum
581 2459 636 2533 esi,
670 2451 756 2538 quod
777 2474 818 2517 ex
839 2451 887 2516 his
915 2452 1054 2537 partibus
1079 2463 1235 2537 sumptum
1256 2473 1323 2517 esse

206 2552 308 2635 possit.
349 2551 452 2616 Aliter
477 2572 526 2616 res
553 2572 621 2618 sose
653 2551 748 2618 habet
777 2550 812 2616 in
836 2550 937 2637 prima
964 2562 1070 2637 parte:
1108 2561 1210 2636 potest
1239 2552 1323 2616 enim

206 2637 342 2736 cogitari,
362 2651 506 2735 {singem
539 2659 659 2716 tantum
693 2649 828 2733 voculas,
867 2649 901 2715 in
930 2653 1044 2737 quibus
1069 2648 1200 2733 ποοότης
1215 2649 1323 2718 dubia

204 2758 278 2832 erat,
299 2750 460 2817 literarum
487 2751 597 2817 ordine
624 2762 819 2826 enumeratas
841 2751 952 2833 fuiss03
973 2761 1072 2836 ’atque
1100 2751 1131 2816 id
1161 2752 1263 2838 ipsum
1283 2752 1322 2816 ab

205 2848 271 2942 Oro
307 2850 423 2918 factum
449 2871 515 2916 ease
542 2851 683 2917 vidimus.
726 2847 841 2935 Neque
868 2871 942 2916 vero
982 2850 1180 2918 Herodianus
1214 2852 1324 2919 eadem

202 2945 323 3015 ratione
351 2972 423 3016 usus
452 2972 518 3016 esse
550 2951 627 3016 mibi
648 2951 781 3030 videtur.
825 2943 1008 3016 Nemeum
1034 2952 1066 3016 in
1088 2951 1324 3039 Orthograpbia

204 3051 244 3116 de
264 3048 368 3133 spino<
389 3048 542 3116 vocabule
565 3053 666 3137 egerit
686 3051 757 3134 (Or.
778 3076 809 3140 p.
830 3052 899 3134 40),
931 3050 1029 3116 multo
1048 3050 1236 3137 probabilius
1257 3072 1324 3117 esse

200 3148 460 3237 paternorum
481 3171 748 3232 commemorasse,
784 3174 855 3215 curn
875 3151 981 3237 legem
1001 3151 1042 3216 de
1056 3151 1190 3216 'vocibus
1210 3153 1243 3217 in
1267 3171 1324 3233 φος

204 3248 389 3318 exeuntibus
403 3259 462 3314 sut
482 3271 531 3334 ppt
550 3249 670 3334 syllaba
686 3247 906 3336 incipientibus
927 3250 1049 3337 saepius
1068 3274 1087 3313 a
1102 3250 1324 3336 posterioribus

203 3346 411 3435 grammaticis
433 3350 577 3418 uadum
592 3357 623 3427 ²)
645 3360 827 3437 exponeret,
861 3374 954 3437 quam
975 3349 1017 3420 ad
1036 3351 1262 3433 {removendam
1283 3353 1324 3419 de

204 3449 300 3537 ipsius
331 3451 475 3518 vocabuli
510 3450 662 3537 scriptura
700 3449 932 3532 dubitationem.
976 3451 1134 3518 Traetavit
1166 3451 1269 3537 igitur,
1291 3452 1324 3516 ni

206 3548 308 3631 fallor,
333 3550 375 3614 ita
398 3549 653 3635 orthographiam
681 3549 891 3633 Herodianus²
922 3561 955 3615 ut
981 3550 1068 3635 leges
1094 3551 1230 3636 linguae,
1261 3574 1323 3616 non

206 3650 368 3738 vocabula,
400 3659 602 3733 enumeraret,
630 3650 664 3720 id
690 3651 774 3737 quod
806 3652 899 3718 etiam
925 3650 1108 3737 Byzantinis
1136 3645 1324 3738 temporibus

205 3750 321 3818 factum
342 3771 408 3830 esse
427 3749 570 3818 videmus
591 3773 609 3818 e
629 3760 763 3859 tractatu
783 3750 850 3835 περὶ
864 3750 1030 3835 ποσότητος
1051 3775 1145 3839 quem
1158 3751 1324 3819 Cranrerus

270 3976 288 4044 1)
308 3973 384 4029 οἰκεία
402 3973 557 4049 ὀρθογραφία
575 3977 638 4031 Zon.
658 3977 722 4028 Lex.
742 3994 768 4042 p.
789 3979 865 4026 1010.

267 4095 394 4164 'icum
416 4098 465 4151 An.
484 4097 535 4148 Ox.
554 4098 570 4144 2
589 4109 618 4160 p.
634 4095 697 4150 Μ.
732 4093 827 4146 dhoet.
846 4095 881 4146 ib.
900 4109 926 4160 p.
954 4094 1012 4145 188r
1049 4094 1091 4143 Et.
1110 4111 1144 4143 m.
1163 4097 1223 4147 241.
1260 4095 1322 4144 Zon.

308 4183 374 4234 Lex.
400 4201 424 4249 p.
444 4185 493 4233 451
513 4198 551 4246 sq.
587 4182 670 4244 Haec,
694 4183 762 4233 sieut
786 4181 914 4247 permulta
938 4195 1006 4245 quae
1024 4180 1215 4231 Choeroboscus
1234 4181 1323 4241 babet,

309 4269 370 4335 quin
389 4286 422 4321 ex
439 4268 590 4319 Herodiano
609 4274 732 4334 excerpta
749 4268 802 4319 sint
819 4267 906 4317 nulius
924 4266 1023 4315 dubito.
