3009 4709
743 333 799 407 24·

695 423 716 435 v«
721 424 755 436 υν
769 425 791 436 ψ
797 423 846 436 nes}

211 568 315 623 tamen
336 577 376 622 ex
395 557 457 623 hoc
479 555 585 623 codice
608 556 797 624 Havniensis
819 557 989 645 descriptus
1013 569 1067 642 est,
1090 560 1173 647 quod
1196 584 1235 627 ex
1256 561 1325 627 ulti·

211 656 268 722 mis
288 656 476 722 Matritensis
496 655 599 723 verbis
611 658 650 722 ab
672 656 725 723 illo
749 658 994 744 discrepantibus
1015 660 1232 747 intellegetur3
1254 672 1325 726 sunt

213 758 295 825 enim
316 759 396 823 haec
416 768 494 824 teste
515 756 644 822 Iriarto:
679 755 713 821 τὸ
741 752 776 840 νή
797 757 901 820 καὶτὸ
923 758 964 840 μὰ
986 762 1168 843 daphrosam.
1197 761 1230 826 τὸ
1262 766 1324 844 poia

212 855 432 941 ἐρωτηματικὸν
453 851 485 920 ὃν
515 854 559 919 ἀεὶ
579 864 763 940 περισπᾶται.
808 857 897 936 Quae
919 881 988 923 cum
1016 862 1058 925 ita
1085 860 1160 942 sint,
1189 872 1325 949 apparet,

212 955 379 1024 Theodosii
400 976 512 1022 nomen
532 955 700 1022 Lascarem
729 981 792 1024 non
819 959 920 1045 ipsum
947 959 1118 1039 addidisse,
1148 960 1201 1024 sed
1227 961 1260 1024 in
1288 985 1325 1025 eo

212 1057 291 1122 libro
313 1076 406 1142 quem
428 1055 588 1142 descripsit
610 1063 780 1144 (quemque
802 1059 894 1126 etiam
909 1059 1096 1127 Havuiensis
1110 1061 1222 1127 codicis
1234 1060 1325 1125 libra-

212 1159 276 1224 rius
297 1157 473 1243 descripsit)
496 1157 663 1224 invenisse.

275 1257 341 1328 Sed
373 1256 549 1344 quicunque
570 1256 642 1333 fuit,
675 1256 727 1344 qui
749 1257 868 1344 primus
890 1258 1057 1324 Theodosii
1078 1261 1204 1325 nomine
1225 1260 1327 1345 prolo-

181 1399 189 1418 .
213 1380 289 1443 gum
310 1356 478 1443 inscripsit,
499 1365 601 1423 utrum
622 1380 657 1424 re
676 1381 751 1424 vera
773 1382 791 1422 a
811 1357 988 1426 Theodosio
1010 1382 1050 1423 an
1071 1361 1110 1424 ab
1132 1360 1268 1425 Arcadio
1294 1361 1326 1443 ¹)

213 1457 362 1545 prologus
384 1457 570 1543 compositus
591 1457 639 1539 sit,
661 1459 737 1523 mihi
759 1482 823 1525 nou
845 1470 976 1540 constat3
998 1479 1102 1546 neque
1123 1482 1199 1524 sane
1220 1461 1327 1545 magni

213 1558 363 1624 momenti
385 1556 463 1623 haec
483 1559 622 1643 quaestio
644 1569 699 1624 est.
711 1558 903 1624 Paucissima
924 1558 986 1637 illa,
1010 1583 1091 1646 quae
1103 1560 1236 1646 scriptor
1256 1583 1327 1645 pro·

213 1659 280 1744 logi
290 1667 329 1722 eri
337 1656 507 1724 Herodiaui
520 1680 615 1745 opere
625 1682 659 1725 se
668 1660 887 1746 praestiturum
895 1660 1066 1745 profitetur,
1078 1660 1179 1724 minus
1188 1660 1327 1725 demain—

214 1781 249 1825 ro
271 1756 405 1845 quadam
427 1759 570 1845 epitoma,
588 1777 681 1841 quam
703 1759 741 1824 de
760 1758 827 1845 ipso
847 1760 929 1845 quod
950 1759 1090 1845 sequitur
1104 1783 1200 1845 opere
1213 1760 1327 1824 valent.

216 1858 311 1940 Quod
325 1869 429 1925 autem
445 1857 489 1924 ita
501 1860 640 1946 loquitur
657 1858 715 1925 iste
728 1860 957 1945 grammaticus,
978 1859 1065 1945 quasi
1078 1859 1175 1946 ipsam
1191 1858 1327 1924 Catholi-

215 1982 283 2024 cam
299 1969 370 2024 ante
387 1959 492 2025 oculos
512 1959 665 2041 habuerit,
693 1960 890 2025 ostentationi
911 1959 1032 2026 cuidam
1052 1960 1208 2026 doctrinae
1225 1961 1327 2025 tribuo

214 2082 272 2126 nec
289 2060 397 2144 magni
414 2060 589 2127 faciendum
605 2082 674 2127 esse
689 2082 810 2126 censeo.
834 2059 954 2126 Ultima
971 2058 1104 2125 verbosi
1119 2058 1151 2123 δέ
1165 2067 1234 2136 rr2)
1257 2082 1328 2122 συν-

215 2155 384 2242 τομώτερον
406 2160 473 2222 τυό
494 2157 565 2242 πρὸ
589 2159 672 2244 {ppei
680 2181 694 2220 ν
717 2157 972 2242 ἐπειγομένου
993 2160 1202 2244 πεποιήκαμεν,
1225 2159 1326 2244 ὥσπερ

216 2257 358 2342 ἐζήτησας
381 2260 444 2323 κτλ.
467 2260 585 2325 maiore
609 2260 739 2326 fortasse
768 2260 836 2325 iuro
863 2260 904 2324 ad
925 2259 1138 2325 Theodosium
1168 2283 1261 2346 quam
1289 2259 1328 2323 ad

215 2357 431 2425 Herodianum
451 2360 636 2425 referuntur.
658 2359 698 2423 Id
719 2382 795 2426 vero
816 2360 855 2444 (si
876 2361 936 2425 hoc
957 2361 1132 2437 statuimus)
1154 2361 1260 2424 mirari
1278 2381 1329 2423 me

216 2459 324 2541 fateor,
357 2458 440 2545 quod
471 2458 511 2525 de
541 2460 722 2525 Catholicae
749 2459 910 2546 prooemio
939 2482 1038 2548 pauca
1066 2480 1102 2522 ea
1132 2480 1212 2544 quae
1240 2482 1331 2544 supra

217 2557 305 2622 attuli
325 2556 449 2623 aliunde
469 2581 534 2623 non
555 2571 628 2623 nota
650 2572 948 2641 commemorantum
977 2560 1031 2625 scd
1060 2559 1232 2625 coniectare
1260 2558 1332 2623 licet

218 2658 544 2726 eademaTheodosio
564 2660 711 2725 adnotata
731 2671 785 2725 aut
806 2684 846 2727 ex
867 2660 927 2725 alio
948 2660 1029 2726 libro
1052 2670 1209 2743 comperta
1229 2659 1330 2722 fuisse.

216 2796 258 2808 —-
279 2759 332 2825 Ab
353 2759 450 2823 altera
469 2769 558 2844 parte
580 2759 708 2845 cogitari
729 2769 847 2846 potest,
869 2758 1081 2825 Theodosium
1103 2760 1331 2845 disquisitiones

217 2859 257 2926 de
277 2860 375 2925 dubiis
395 2862 488 2926 rebus
508 2861 604 2925 factas
633 2859 681 2937 (τὸ
703 2859 753 2924 διὰ
772 2861 924 2943 ζητήσεως
946 2860 1138 2935 κανυνίζειν),
1160 2856 1330 2920 multorum

216 2960 357 3025 locorum
378 2959 498 3046 copiam
530 2958 564 3043 (ἡ
586 2968 639 3045 τῆς
659 2959 798 3043 χρήσεως
820 2958 918 3022 αὐτῶν
940 2957 1037 3042 πολλή
1060 2956 1255 3039 παράθεσις),
1284 2979 1332 3018 ra-

217 3082 324 3127 rorum
344 3062 568 3127 vocabulorum
590 3060 812 3145 explicationes
841 3058 874 3143 (ἡ
903 3059 969 3141 περὶ
990 3060 1051 3121 τοῖν
1073 3053 1278 3138 ἀγνοουμένων
1300 3051 1330 3115 ὲν

219 3157 318 3233 αὐτοῖς
340 3158 487 3244 ἐξήγησις)
510 3160 628 3225 etiamsi
649 3160 812 3246 plurimas,
847 3169 951 3224 tamen
982 3181 1045 3223 non
1068 3179 1174 3221 omncs
1196 3152 1331 3218 emisisse

218 3267 396 3348 parvaeque
424 3282 529 3326 earum
561 3260 658 3345 partis
686 3282 838 3324 summam
866 3257 1003 3324 breviter
1031 3257 1204 3320 adnotasse.
1248 3252 1331 3330 Quid
1421 3301 1430 3312 ,

219 3362 364 3449 quodne
385 3361 418 3425 in
440 3359 577 3426 Arcadio
599 3360 724 3447 quidem
746 3368 852 3425 nostro
875 3359 950 3423 talia
981 3381 1107 3443 prorsus
1137 3357 1264 3432 desunt3
1292 3350 1329 3415 cf.

217 3484 249 3549 p.
262 3462 311 3544 25,
325 3461 364 3527 14
384 3459 418 3523 τὸ
440 3459 474 3524 δὲ
495 3459 639 3543 δεσπότης
660 3458 825 3542 ἀρσενικόν,
848 3458 881 3520 τὸ
904 3454 1039 3528 δεσπότις
1059 3456 1202 3537 θηλυκόν.
1229 3450 1333 3533 32,14

219 3561 269 3626 καὶ
288 3559 322 3623 τὰ
345 3558 446 3643 edus<
469 3560 502 3626 δὲ
528 3560 680 3643 βαρύνεται
711 3555 804 3644 (εἶδος
829 3557 948 3637 ἄνθους,
971 3554 988 3621 ὃ
1011 3557 1092 3620 δοκεῖ
1112 3562 1203 3619 ποιεῖν
1226 3551 1334 3633 ἀναζήν

220 3661 271 3725 τὸν
299 3658 430 3745 νεκρόν).
461 3658 511 3738 39,
541 3661 580 3727 19
609 3658 643 3722 τὸ
674 3657 772 3744 μέντοι
800 3658 872 3730 ταός
899 3657 973 3741 παρ’
1003 3656 1245 3737 Ἀλεξανδρεῦσιν
1274 3643 1336 3714 ἀντὶ
1408 3739 1420 3748 ‘

282 3891 305 3961 ¹)
323 3891 463 3942 Brevitatis
482 3906 574 3953 eausa,
596 3905 649 3939 non
667 3888 729 3954 quia
749 3886 816 3937 haec
834 3885 939 3935 nomina
957 3890 1027 3934 certe
1050 3900 1105 3935 esse
1124 3881 1187 3932 mihi
1205 3882 1333 3940 videntur,

321 3979 350 4028 in
367 3975 534 4044 sequentibus
543 3975 680 4025 Arcadium
696 3977 800 4024 nostrae
819 3973 946 4038 epitomae
963 3971 1114 4036 scriptorem
1134 3969 1202 4029 dico,
1215 3965 1335 4015 Theodo-

323 4064 391 4114 sium
409 4078 476 4125 eum‚
496 4078 546 4128 quo
566 4065 593 4112 et
609 4061 730 4111 irascaris
748 4062 775 4107 et
791 4056 847 4122 ipse
863 4055 989 4106 Arcadius
1008 4057 1050 4105 usi
1066 4058 1134 4106 sunt.

278 4184 302 4249 2)
320 4184 352 4234 Id
377 4182 446 4233 enim
472 4181 628 4232 deteriorum
650 4180 776 4230 librorum
800 4180 941 4242 scripturae
966 4174 991 4227 δὲ
1014 4175 1041 4226 τὸ
1066 4170 1263 4239 praeferendum
1281 4184 1336 4219 esse

323 4269 388 4320 mihi
407 4268 524 4319 videtur:
542 4283 605 4317 num
623 4265 685 4331 quid
703 4263 863 4314 effecerimus
883 4262 952 4327 quod
969 4259 1073 4310 brevius
1091 4259 1125 4309 sit
1144 4260 1193 4307 etc.
