3009 4709
703 437 852 449 *tumst-pff),

216 563 326 648 Itaque
346 587 387 631 ex
407 568 466 633 bac
487 586 664 653 quoquere
685 582 821 657 apparet,
842 570 974 638 indicem
996 577 1035 640 ab
1056 599 1103 659 eo,
1125 578 1177 660 qui
1197 587 1332 645 nostram

218 666 382 751 epitomem
403 674 455 730 aut
476 669 606 735 confecit
632 681 686 735 aut
706 671 876 758 descripsit,
906 696 947 738 cx
967 675 1135 762 integriore
1165 679 1244 744 libro
1266 702 1333 746 esse

217 777 381 854 sumptum.

278 866 417 932 Indicam
445 867 584 935 inlibris
613 882 742 959 excepto
774 870 913 938 Parisino
942 875 1025 940 2102
1050 877 1151 943 brevis
1177 879 1333 946 adnotatio

217 965 256 1031 de
276 967 336 1032 alio
358 969 490 1053 quodam
512 969 683 1038 Herodiani
711 971 792 1035 libro
821 973 967 1055 sequitur,
1000 994 1214 1060 quantaeque
1241 987 1333 1062 atquo

215 1064 347 1132 indicam
368 1092 385 1134 c
406 1067 521 1133 maiore
549 1069 682 1156 epitoma
713 1071 775 1135 huc
796 1072 973 1138 translatam
1001 1097 1067 1141 essa
1096 1077 1256 1162 probabile
1276 1088 1331 1144 est.

216 1165 387 1249 Eunocho,
410 1168 669 1251 quibusrefertur
697 1190 777 1254 quae
805 1170 884 1237 liber
911 1172 964 1238 ille
992 1174 1185 1256 continuerit,
1214 1187 1332 1242 munta

215 1264 460 1351 interpunctione
491 1269 534 1332 ita
562 1270 695 1352 legenda
722 1294 789 1337 esse
816 1293 941 1338 censeo:
974 1272 1020 1337 ἐπὶ
1049 1274 1082 1338 δὲ
1104 1282 1165 1349 τοῖς
1186 1274 1278 1341 εἴκοσι
1300 1277 1331 1341 ἐν

215 1364 299 1450 ἄλλῳ
322 1367 423 1453 βιβλίῳ
444 1367 478 1431 ci
500 1365 717 1451 ἀναγνωστικδν
740 1367 819 1445 εἶδος
837 1372 914 1436 κατὰ
934 1372 986 1456 τήν
1001 1373 1132 1446 σύνταξιν
1144 1378 1203 1438 τοῖν
1220 1374 1330 1448 λέξεων

216 1465 424 1548 παραδέδοται,
457 1465 634 1543 ianiculo<
664 1470 738 1554 μετὰ
767 1470 818 1555 τήν
852 1470 980 1555 δήλωσιν
1019 1475 1070 1559 τῆς
1100 1476 1168 1539 καθ’
1207 1474 1330 1556 ἑκάστην

210 1567 383 1651 ,προσῳδίαν
398 1568 548 1653 γινομένης
563 1570 753 1646 διδασκαλίας
769 1581 809 1651 ¹),
825 1571 892 1654 napi
906 1573 1061 1655 διαστολῆς
1075 1571 1124 1635 καὶ
1144 1573 1330 1654 σοναλοιιρῶν

215 1665 264 1729 aui
290 1669 349 1729 coir
379 1667 478 1732 ἀλλων
510 1676 567 1733 τῶν
594 1673 903 1754 παρακολουθούντων
937 1675 975 1752 τῇ
1009 1669 1183 1754 ἀναγνώσει
1226 1672 1333 1739 Verba

216 1762 393 1842 ἀκολούθως
415 1807 455 1817 -
477 1771 667 1845 διδασκαλίας
699 1772 891 1857 significant:
920 1771 1080 1858 explicatis
1111 1770 1158 1852 iis,
1190 1790 1270 1852 quae
1290 1771 1331 1836 ad

216 1866 384 1951 doctrinam
407 1869 453 1937 de
480 1890 731 1954 unaquaque
762 1870 975 1957 prosodia,
1007 1871 1039 1936 id
1066 1881 1112 1937 est
1138 1870 1185 1937 de
1217 1870 1330 1935 unius

215 1969 411 2051 cuiusque
432 1971 617 2036 vocabuli
638 1971 836 2058 prosodia;
858 1970 1331 2058 quaeabepitomatareliyaan·

216 2068 279 2133 tino
300 2070 372 2134 satis
401 2073 483 2138 male
504 2095 541 2136 ac
568 2073 773 2157 neglegenter
802 2094 949 2157 expressa
979 2095 1046 2139 esso
1066 2072 1128 2136 iam
1158 2093 1221 2136 non
1242 2071 1330 2138 mira

214 2168 305 2234 beris.
348 2170 394 2237 Ut
416 2195 489 2238 vero
509 2194 591 2236 nunc
612 2171 697 2236 locus
718 2172 834 2256 legitur
854 2172 1019 2255 (commate
1044 2179 1115 2256 post
1142 2169 1331 2243 διδασκαλιας

215 2290 278 2333 non
296 2270 409 2355 posito)
441 2292 546 2334 sanam
567 2272 719 2337 rationem
747 2270 971 2351 desideramus3
1000 2293 1072 2338 nam
1094 2293 1163 2335 cum
1183 2270 1203 2354 ἡ
1226 2272 1328 2336 διδασ-

214 2369 304 2433 καλία
324 2370 467 2454 περὶτῶν
488 2372 797 2454 παρακολουθούντων
826 2374 863 2452 τῇ
885 2366 1047 2452 ἀναγνώσει
1074 2371 1157 2437 idem
1178 2369 1216 2436 sit
1247 2370 1341 2453 quod¹

214 2467 248 2531 τὸ
270 2466 485 2550 ἀναγνωστικδν
506 2467 594 2552 εἶδος,
616 2461 731 2537 dicturo
753 2480 842 2551 esset,
861 2480 951 2557 post
969 2469 1055 2535 illam
1078 2470 1249 2536 doctrinam
1270 2479 1330 2534 tra·

214 2567 308 2660 ffitam
329 2592 395 2636 esse
417 2568 546 2636 eandem
567 2572 747 2638 doctrinam.
759 2608 801 2619 —
822 2570 906 2650 Quid
927 2567 1144 2651 ἀναγνωστινιδν
1166 2564 1245 2643 εἶδος
1265 2571 1328 2633 νιτλ.

215 2667 376 2753 significet,
405 2670 493 2737 facile
520 2671 726 2754 intellegitur3
756 2680 827 2736 sunt
854 2672 936 2736 enim
956 2691 1011 2733 eae
1032 2678 1212 2736 accentuum
1233 2678 1329 2735 muta-

214 2766 320 2851 tiones,
354 2792 432 2856 quae
462 2773 665 2838 everborum
692 2771 907 2837 coniunctione
934 2770 1084 2837 eduntur.
1127 2770 1238 2852 Itaque
1258 2768 1329 2834 doc·

213 2866 295 2932 trina
313 2868 368 2933 illa
386 2869 461 2935 duas
481 2892 531 2935 res
551 2871 707 2937 tractavit:
728 2871 863 2958 primum
876 2870 980 2935 omnia
992 2869 1032 2935 ad
1046 2868 1237 2951 ἐγκλινιίμσνα
1250 2886 1329 2951 quae

212 2965 356 3034 dicebant
365 2968 557 3055 pertinentia,
570 2971 642 3036 dein
652 2971 914 3058 praepositionum
934 2967 1133 3055 ἀναστροφήν.
1155 2969 1328 3036 Hisautem
1363 3049 1365 3052 v

211 3067 369 3133 adduntur
390 3070 529 3155 διαστολή
557 3081 588 3136 et
610 3070 790 3153 σοναλοιιραί
816 3071 903 3152 quasi
930 3079 962 3133 et
988 3069 1072 3156 ipsae
1104 3069 1144 3134 ad
1164 3066 1326 3149 ἀνάγνωσιν

213 3178 395 3255 spectantes.
428 3174 477 3236 Ac
498 3170 637 3255 διαστολή
659 3171 785 3255 quidem
805 3173 869 3237 sive
891 3166 1088 3247 ὑποδιαστολή
1108 3170 1141 3233 id
1159 3167 1255 3242 πάθος
1271 3175 1327 3246 est,

215 3268 297 3352 quod
328 3270 369 3334 ad
407 3271 536 3337 drurum
578 3272 739 3342 literanam
782 3282 836 3336 aut
873 3270 1054 3336 vocularum
1096 3269 1328 3336 disiunctionem

212 3371 337 3452 attinet,
372 3371 467 3436 veluti
501 3373 548 3454 (ut
572 3372 723 3459 exemplis
756 3373 838 3455 utar)
875 3395 945 3436 curn
982 3369 1183 3456 disceptetur,
1224 3381 1328 3438 utrum
1395 3405 1399 3412 ,
1486 3347 1487 3390 ³

211 3470 407 3537 scribendum
435 3471 474 3535 sit
494 3471 572 3535 ἔστιν
594 3472 674 3546 ἄξιος
693 3495 734 3536 an
762 3473 822 3536 ἔστι
843 3470 962 3549 Νάξιος,
995 3470 1046 3535 vel
1066 3492 1138 3536 eum
1168 3480 1328 3554 statuatur,

212 3569 409 3662 scribendum
423 3594 496 3638 esse
517 3572 602 3656 δουρὶ
622 3571 740 3652 κλυτός,
761 3595 825 3638 non
846 3569 1046 3664 δονρίκλοτος.
1089 3568 1141 3634 De
1153 3570 1212 3634 hao
1225 3579 1330 3638 autem

211 3694 248 3736 re
268 3671 302 3735 in
322 3694 415 3758 opere
435 3670 615 3757 prosodiaco
636 3682 738 3738 actum
768 3671 859 3738 fuisse
880 3694 942 3737 non
963 3668 1132 3748 miraberis,
1161 3670 1194 3734 in
1214 3693 1329 3736 memo

212 3770 291 3835 riam
327 3773 477 3838 revocatis
506 3772 556 3856 iis,
593 3792 672 3856 quae
700 3793 794 3859 supra
821 3772 863 3857 (p.
894 3772 926 3853 7)
959 3770 998 3834 de
1027 3769 1206 3836 tractandae
1239 3770 1330 3834 huius

212 3872 432 3960 grammaticae
452 3873 547 3960 partis
567 3874 685 3939 ratione
706 3871 862 3958 disputata
882 3881 967 3951 suut3
988 3870 1046 3935 nisi
1064 3869 1146 3953 quod
1166 3870 1200 3935 id
1211 3879 1329 3934 tantum

275 4109 295 4177 ί)
315 4112 356 4160 lta
374 4111 443 4160 enim
461 4116 530 4161 recte
547 4111 579 4163 A.
598 4109 769 4161 Schmidtium
786 4125 831 4173 pro
849 4105 989 4178 προσῳδίας
1006 4104 1145 4176 γινομένην
1160 4099 1330 4155 διδασκαλίαν

314 4196 448 4262 scripsisse
470 4197 560 4263 (Beitr.
579 4212 605 4260 p.
624 4194 684 4260 582)
708 4209 793 4260 neque
815 4193 986 4246 alienatione
1008 4193 1094 4242 locum
1116 4189 1234 4256 expediri
1252 4200 1330 4252 posse

314 4282 379 4333 mihi
396 4296 547 4350 persuasum
565 4285 613 4332 est.
