3009 4709
746 379 791 457 bb

692 473 784 486 mmm.-
794 474 816 486 *aa
819 475 832 486 Α
835 473 844 484 Α

206 603 363 671 librorum'
377 627 507 693 corpore
528 607 711 692 confugere3
740 606 846 689 ceteri,
868 608 978 691 quibus
999 608 1188 695 Apollonius
1208 610 1323 696 scripta

208 725 263 769 sua
283 704 323 770 ad
344 716 447 793 partes
467 717 567 787 vocat,
589 716 641 770 aut
663 709 787 772 obstant
806 707 879 771 huic
900 711 1067 774 sententiae
1090 716 1139 786 (ut
1158 732 1188 795 p.
1212 710 1254 775 48
1276 711 1320 773 ui·

208 804 323 887 dimus)
345 815 398 868 ant
419 807 543 870 omnino
563 806 641 871 nibil
662 810 805 893 probant.
847 805 957 891 Itaque
977 833 1029 891 ea,
1061 812 1172 892 quibus
1198 809 1319 895 potissi-

207 928 292 969 mum
314 905 447 970 Dronkii
468 907 697 990 argumentatio
714 907 831 989 aititur,
861 909 1027 974 concidere
1047 911 1197 975 videmus.
1240 908 1324 976 Sunt

206 1025 329 1089 quoque
351 1025 431 1088 quae
452 1005 515 1070 eirrs
545 1005 681 1092 opinioni
710 1017 816 1092 aperte
846 1020 1040 1095 repugnent:
1071 1027 1203 1090 quorum
1226 1033 1322 1073 unum

208 1107 269 1171 iam
294 1105 610 1171 commemoravimus.
632 1103 798 1171 Accedunt
818 1108 886 1172 alia.
911 1109 961 1171 Ac
973 1110 1107 1194 primum
1123 1109 1247 1190 quidem
1264 1110 1324 1173 hoe

205 1203 366 1291 probabile
388 1226 454 1290 esse
476 1206 643 1270 contendo:
674 1206 699 1268 si
720 1205 906 1292 Apollonius
926 1207 1022 1271 libros
1040 1229 1111 1272 suos
1132 1219 1236 1294 partes
1256 1218 1323 1272 tau-

208 1305 368 1370 tummodo
389 1303 479 1368 unius
507 1305 645 1390 corporis
673 1327 740 1370 esse
768 1305 929 1387 voluisset,
962 1306 1061 1373 multo
1078 1309 1212 1394 'saepius
1238 1309 1323 1373 idem

207 1406 288 1471 liber
308 1403 401 1469 modo
422 1405 523 1469 fiaturo
544 1404 641 1470 modo
664 1405 831 1491 praeterito
857 1416 997 1492 tempore
1023 1407 1131 1473 citatus
1160 1417 1240 1474 esset
1268 1418 1324 1471 aut

209 1505 334 1570 omuino
349 1504 407 1567 alie
422 1506 504 1570 illius
519 1507 566 1572 rei
580 1504 669 1592 signa
681 1504 712 1568 in
726 1506 800 1591 ipsis
824 1525 900 1588 qrios
916 1507 1065 1572 habemus
1075 1507 1163 1572 libris
1176 1510 1321 1574 inessent.

210 1604 342 1669 Accedit
371 1605 462 1687 quod
491 1604 523 1686 ip
550 1606 636 1670 libris
662 1606 701 1669 de
730 1605 915 1690 pronomine
962 1618 993 1670 et
1025 1608 1065 1672 de
1101 1607 1322 1672 coniunctioni·
1375 1627 1379 1630 ·

208 1706 280 1786 bus,
312 1724 389 1787 quos
414 1728 432 1770 e
453 1706 599 1771 Droukii'
616 1705 769 1770 sententia
797 1726 896 1791 paene
924 1729 1033 1771 omues
1066 1706 1178 1789 reliqui
1214 1730 1322 1772 neces-

208 1804 288 1869 sario
335 1814 586 1891 praecesserunt,
629 1804 690 1867 alia
731 1804 892 1889 Apollonii
934 1806 1048 1892 scripta
1082 1830 1146 1871 non
1188 1797 1322 1871 citintur

207 1913 331 1991 praeter
366 1905 461 1971 libros
500 1903 566 1988 aspi
606 1905 726 1977 δασείας
765 1905 820 1981 (de
858 1927 947 1991 pron.
988 1928 1018 1991 p.
1050 1906 1111 1971 332
1153 1906 1210 1990 B),
1254 1908 1321 1989 aspi

208 2001 368 2087 σχημυίτων
407 2005 460 2086 tib.
493 2006 624 2091 p.‘339
664 2006 700 2071 O.
738 2006 778 2071 de
810 2006 889 2069 coni.
922 2028 953 2091 p.
988 2006 1069 2086 lue,
1091 2007 1140 2070 31.
1169 2005 1317 2087 502416.

207 2103 279 2184 503,
307 2104 356 2186 8),
384 2103 450 2186 aspi
478 2101 664 2187 ἀντωνυμωόν
694 2105 748 2188 (de
784 2107 862 2170 coni.
890 2127 920 2190 p.
954 2106 1025 2184 491,
1058 2106 1118 2187 tl).
1152 2092 1317 2169 Praetores

207 2204 319 2267 mirum
353 2205 493 2288 profecto
521 2206 620 2287 foret,
654 2207 680 2269 si
707 2204 813 2288 magni
841 2202 923 2268 illius
956 2205 1093 2292 corporis
1127 2205 1245 2268 nullum
1281 2225 1319 2267 ac

207 2323 247 2366 ne
283 2303 444 2367 minimum
484 2304 610 2389 quidem
641 2305 852 2369 testimouium
892 2303 976 2389 apud
1011 2314 1204 2390 posterorum
1238 2314 1312 2366 tcm-

206 2425 317 2489 porum
352 2406 570 2488 grammaticos
602 2405 757 2468 enataret.⁴
793 2402 991 2487 Quamquam
1021 2404 1118 2468 ulem
1152 2404 1253 2469 locum
1283 2401 1316 2464 in

206 2504 331 2568 scholiis
353 2502 497 2590 Dionysii
518 2504 649 2569 Thracis
670 2504 823 2591 reperisse
844 2502 1004 2567 Droukius
1027 2505 1086 2568 sibi
1108 2504 1192 2567 risus
1214 2514 1262 2568 est
1274 2502 1315 2589 (p.

203 2604 274 2686 730,
295 2606 315 2670 5
337 2604 431 2691 εσυ),
454 2605 677 2689 ubi'pmbatur
698 2626 806 2668 eorum
827 2603 923 2683 ratio,
953 2603 1005 2687 qui
1027 2626 1045 2664 a
1068 2626 1144 2668 voce
1165 2624 1319 2686 gramma·

203 2705 296 2769 ticam
316 2703 473 2789 incipiant.
500 2704 540 2766 Iu
561 2725 691 2788 quorum
722 2726 852 2767 numero
873 2701 1191 2788 Apollonium-fuisso
1210 2701 1322 2765 Dran-s

204 2803 273 2867 kius
292 2803 367 2868 satis
396 2802 610 2889 probabiliter
628 2802 775 2883 coniecit5
809 2803 909 2887 potuit
937 2810 1041 2866 autem
1060 2802 1115 2865 de
1143 2822 1217 2865 sero
1243 2798 1319 2866 artis

203 2904 423 2992 grammaticae
445 2902 530 2966 initio
554 2901 712 2986 aptissime
736 2900 786 2986 agi
815 2902 846 2963 in
885 2900 971 2964 libris
1009 2902 1076 2984 περὶ
1102 2891 1241 2983 μεριςμσῦ
1261 2901 1318 2961 τῶν

202 3005 255 3068 cod
276 3003 366 3084 λόγου
391 3007 551 3085 μερῶνυυδ
570 2999 637 3083 περὶ
658 3000 811 3081 στοιχείων
825 3010 877 3063 aut
891 3000 922 3062 in
945 2998 1100 3081 εἰσαγωγῇ.
1124 3038 1160 3047 -
1184 2999 1265 3063 Tum
1287 2998 1320 3063 id

204 3104 330 3168 maximi
352 3102 500 3168 momenti
522 3110 608 3187 puto,
629 3101 712 3185 quod
734 3101 854 3187 saepius
877 3098 1062 3186 Apollonius
1092 3099 1223 3163 eandem
1250 3120 1319 3161 rem

204 3204 313 3269 eadem
338 3203 497 3288 diligentie
521 3201 641 3267 dnobus
663 3202 713 3267 vel
738 3201 877 3286 pluribus
898 3199 1046 3264 librorum
1087 3221 1211 3262 suorum
1242 3197 1320 3261 loeis

203 3305 333 3390 exponit
357 3303 409 3386 (cf.
432 3301 533 3365 Lobrs
556 3302 633 3367 Her.
658 3325 690 3387 p.
714 3302 798 3384 417).
843 3300 915 3365 Hoc
942 3300 1034 3377 enim,
1066 3308 1100 3361 ut
1127 3298 1159 3361 in
1189 3296 1319 3362 diversis

202 3403 345 3491 operibus
375 3401 605 3467 exeusationem
635 3423 698 3465 non
720 3400 858 3485 requirit,
881 3400 923 3462 ita
943 3397 982 3492 ιἰιι
997 3419 1016 3458 u
1030 3417 1224 3483 no-prorsus
1254 3397 1319 3461 ine·

203 3514 290 3588 ptum
324 3511 379 3567 est.
423 3501 535 3586 Longe
568 3512 671 3565 autem
699 3500 917 3585 gravissimum
948 3496 1114 3560 ad‘totam
1140 3495 1222 3558 hanc
1251 3515 1319 3559 rem

204 3601 431 3667 diiudicandum
464 3611 509 3664 est
546 3600 668 3666 initium
704 3600 776 3665 libri
812 3597 850 3662 de
887 3595 1161 3661 coniunctionibus.
1204 3593 1319 3679 Incipit

204 3701 288 3766 enim
309 3701 499 3786 Apollonius
521 3701 569 3763 his
591 3701 712 3765 verbis:
742 3698 762 3781 ἡ
793 3693 1056 3779 πρόκατειὶαμμένη
1085 3694 1218 3767 σύνταξις
1251 3693 1319 3777 περὶ
1386 3779 1389 3784 ἱ

204 3798 375 3882 συνδέσμων
398 3798 452 3863 υπὸ
478 3798 623 3880 πλειόνων
652 3800 875 3880 γραμματικῶν,
913 3794 1107 3877 ἓλλιτεστέρα
1133 3794 1318 3873 καθεστῶσα,

201 3904 270 3976 τοὺς
292 3900 503 3982 συνεχέστερον
524 3898 592 3982 ἡμῖν
615 3897 645 3961 ἐν
667 3903 729 3969 ταῖς
750 3898 904 3977 oxole-aori<
926 3893 1146 3977 corrupticolae<
1166 3891 1318 3964 συνιόντας

201 3999 255 4064 οὐκ
276 4001 383 4065 ἔπειθε.
429 3999 511 4064 Tum
532 3998 583 4064 ubi
605 4019 719 4077 earisas,
734 3996 855 4082 quibus
875 3996 1014 4081 priorum
1038 3992 1315 4079 grammaticorum

201 4101 239 4166 de
262 4098 526 4165 coniunctionibus
548 4096 778 4162 dissertationes
800 4094 927 4182 probari
946 4117 1009 4159 non
1034 4102 1170 4184 possent,
1196 4113 1317 4157 veram-

202 4222 262 4286 que
283 4198 373 4262 huius
399 4199 444 4263 rei
473 4195 650 4268 tractandae
676 4195 828 4259 rationem
854 4191 1010 4279 esposuit,
1041 4193 1086 4256 ita
1112 4190 1232 4278 pergit:
1264 4190 1317 4253 καί

201 4299 289 4363 ἕνεκα
321 4303 376 4362 τῶν
403 4294 545 4360 τυιυότων
574 4294 772 4377 παραδόσεων
805 4290 1026 4372 ἀναγκαίως
1047 4290 1101 4366 εἰς
1129 4288 1316 4373 urei-taisi
